1389173189,624.010000000000,0.200000000000
1389173198,624.010000000000,0.097670000000
1389173198,623.538360000000,0.013579760000
1389173265,623.538360000000,0.148960240000
1389173339,623.540660000000,0.200000000000
1389173528,623.540660000000,0.176300000000
1389173534,623.540650000000,0.406330000000
1389173545,623.538460000000,0.200000000000
1389173545,623.538360000000,1.800000000000
1389173668,623.543260000000,0.376300000000
1389173668,623.538360000000,0.123700000000
1389173727,623.538360000000,0.021394780000
1389174084,623.542360000000,0.376300000000
1389174084,623.538360000000,1.533650000000
1389174186,623.538360000000,0.800000000000
1389174260,628.211800000000,0.026957640000
1389174260,625.094100000000,0.013529090000
1389174260,629.176090000000,0.053123950000
1389174262,630.000000000000,0.013478740000
1389174270,630.000000000000,0.011000000000
1389174278,630.000000000000,0.010846310000
1389174286,630.000000000000,0.011000000000
1389174298,630.000000000000,2.057010000000
1389174334,630.000000000000,0.079350000000
1389174337,630.000000000000,0.104907980000
1389174592,629.700000000000,0.010000000000
1389174597,629.700000000000,0.300000000000
1389174670,629.700000000000,0.139420000000
1389174670,626.647530000000,0.013546130000
1389174672,626.600000000000,0.013546210000
1389174835,630.000000000000,0.361084790000
1389174835,629.778690000000,0.013478820000
1389174835,629.900000000000,1.197470000000
1389174835,629.994200000000,0.421800000000
1389174835,629.999990000000,0.300000000000
1389174872,629.776400000000,0.013478900000
1389174874,629.776400000000,0.500000000000
1389174903,630.000000000000,0.577770000000
1389174912,629.776400000000,0.295000000000
1389174913,629.776400000000,0.043758380000
1389174970,630.000000000000,0.956327230000
1389174978,630.000000000000,0.300000000000
1389174984,630.000000000000,0.000999090000
1389175032,630.000000000000,0.329975260000
1389175032,628.206670000000,0.013529450000
1389175032,625.057780000000,0.027297290000
1389175032,625.000000000000,0.128000000000
1389175033,623.538360000000,1.219897990000
1389175033,623.538660000000,0.376300000000
1389175526,623.550000000000,0.011480000000
1389176338,626.618890000000,0.013512920000
1389176338,626.618890000000,0.670530000000
1389176338,628.546000000000,0.315957080000
1389176408,628.182320000000,0.013496110000
1389176408,628.546000000000,0.105842920000
1389176408,628.550000000000,0.880660970000
1389176443,628.550000000000,0.630999030000
1389176565,629.749640000000,0.013479330000
1389176565,630.343120000000,0.120122540000
1389176566,632.000000000000,0.013462560000
1389176603,634.000000000000,0.100000000000
1389176616,633.900000000000,1.000000000000
1389176616,634.000000000000,0.900000000000
1389176616,634.469630000000,0.026825070000
1389176616,634.777770000000,0.598444930000
1389176617,632.890610000000,0.013479510000
1389176617,629.749640000000,0.286520490000
1389176731,634.777770000000,0.100000000000
1389176825,634.777770000000,0.047260630000
1389176860,634.777770000000,0.100000000000
1389176964,634.777770000000,0.152924440000
1389176980,634.798300000000,0.300000000000
1389176983,634.100000000000,0.047311140000
1389176989,634.100000000000,1.074008860000
1389176989,634.798300000000,0.121800000000
1389176989,634.798300000000,0.261111140000
1389177006,634.798300000000,0.200000000000
1389177047,634.798300000000,0.038888860000
1389177047,634.800000000000,0.377651880000
1389177098,634.800000000000,0.300000000000
1389177234,634.800000000000,0.100000000000
1389177385,634.800000000000,0.846628850000
1389177425,634.800000000000,0.100000000000
1389177425,634.800000000000,1.500000000000
1389177555,634.750000000000,0.100000000000
1389177558,633.200000000000,0.500000000000
1389177671,634.750000000000,0.200000000000
1389177686,634.750000000000,0.100000000000
1389177764,634.750000000000,0.406018110000
1389177815,634.750000000000,0.100000000000
1389177919,634.750000000000,0.093981890000
1389178189,634.750000000000,0.529808110000
1389178189,633.800000000000,0.249996520000
1389178189,631.777770000000,0.720114220000
1389178190,631.777770000000,0.000081150000
1389178255,634.796300000000,0.200000000000
1389178499,634.796300000000,0.157530000000
1389178539,634.800000000000,0.735730000000
1389178539,634.796900000000,0.200000000000
1389178539,634.796300000000,0.064270000000
1389178616,631.800000000000,0.500000000000
1389178616,631.777770000000,0.079430000000
1389178919,634.800000000000,1.539989270000
1389178919,634.999000000000,0.060010730000
1389178919,634.790000000000,0.100000000000
1389178919,634.799990000000,0.300000000000
1389178936,635.000000000000,0.773791270000
1389178936,634.998400000000,0.060010730000
1389178936,634.999000000000,0.361789270000
1389179207,634.089740000000,0.118933200000
1389179239,632.000000000000,0.118933200000
1389179239,634.089740000000,0.181066800000
1389179346,634.998300000000,0.100000000000
1389179473,634.997700000000,0.050000000000
1389179473,634.800000000000,0.100000000000
1389179671,634.997700000000,0.050000000000
1389179716,635.000000000000,0.844771360000
1389179716,635.000000000000,1.733428640000
1389179716,634.998300000000,0.321800000000
1389179716,634.998100000000,0.050000000000
1389179752,635.000000000000,1.280700000000
1389179752,635.000000000000,0.030438640000
1389179784,636.055070000000,0.013412450000
1389179786,636.055070000000,0.013412530000
1389179805,637.310950000000,0.100000000000
1389179824,638.639990000000,0.300000000000
1389179851,639.000000000000,0.172140000000
1389179892,639.000000000000,0.000900850000
1389179911,639.986300000000,0.421800000000
1389179911,639.000000000000,0.161859150000
1389179911,639.225040000000,0.026725390000
1389179911,639.500000000000,0.020000000000
1389179911,639.988000000000,0.800000000000
1389179911,639.990000000000,0.523151670000
1389179922,639.990000000000,0.073010250000
1389179935,640.000000000000,0.264918240000
1389179935,639.990000000000,0.403838080000
1389179935,639.999900000000,0.100000000000
1389179935,640.000000000000,0.700000000000
1389179940,640.000000000000,0.623578240000
1389179940,640.000000000000,0.236481760000
1389179965,640.000000000000,0.674850000000
1389179965,639.990000000000,0.050000000000
1389179970,639.990000000000,0.050000000000
1389179978,639.990000000000,0.050000000000
1389179983,639.000000000000,0.050000000000
1389179991,637.633340000000,0.013429420000
1389179998,640.000000000000,0.125020690000
1389179998,639.224240000000,0.013379310000
1389179999,637.630960000000,0.013429490000
1389180018,639.990000000000,0.050000000000
1389180023,639.990000000000,1.118940000000
1389180024,639.990000000000,0.050000000000
1389180031,639.990000000000,0.050000000000
1389180037,639.990000000000,0.050000000000
1389180044,639.990000000000,0.050000000000
1389180052,639.990000000000,0.050000000000
1389180058,639.990000000000,0.050000000000
1389180065,639.990000000000,0.050000000000
1389180074,639.990000000000,0.050000000000
1389180079,639.990000000000,0.050000000000
1389180086,639.990000000000,0.050000000000
1389180094,639.990000000000,0.050000000000
1389180100,639.990000000000,0.050000000000
1389180103,639.990000000000,0.057705000000
1389180107,639.990000000000,0.050000000000
1389180113,639.990000000000,0.032069090000
1389180120,635.000000000000,0.050000000000
1389180131,635.000000000000,0.091962990000
1389180327,639.996100000000,0.093750570000
1389180781,636.000000000000,0.336670280000
1389180935,636.000000000000,1.000000000000
1389180937,635.000000000000,1.803973270000
1389180937,635.000000000000,0.001164160000
1389180937,635.000000000000,1.747797010000
1389180937,636.000000000000,0.997065560000
1389180957,635.010000000000,0.636792400000
1389180957,635.000000000000,1.533647600000
1389180965,631.777770000000,0.190580000000
1389180965,635.000000000000,2.173025980000
1389180965,634.434830000000,0.027095600000
1389180982,634.000000000000,0.034858420000
1389180992,635.000000000000,0.050000000000
1389180999,635.000000000000,0.050000000000
1389181005,635.000000000000,0.050000000000
1389181005,635.000000000000,0.069126000000
1389181012,635.000000000000,0.050000000000
1389181020,635.000000000000,0.050000000000
1389181026,635.000000000000,0.050000000000
1389181027,635.000000000000,0.630874000000
1389181033,636.000000000000,0.016630000000
1389181043,636.019360000000,0.013413080000
1389181049,637.606240000000,0.013396400000
1389181057,639.197070000000,0.013379730000
1389181058,639.197070000000,0.036620270000
1389181065,639.187070000000,0.050000000000
1389181070,639.187070000000,0.050000000000
1389181072,637.603850000000,0.013429910000
1389181072,634.407860000000,0.027096450000
1389181077,635.992320000000,0.013413500000
1389181086,637.579130000000,0.013396810000
1389181087,635.989940000000,0.005486810000
1389181087,637.579130000000,0.036603190000
1389181092,639.169890000000,0.013380150000
1389181096,639.169890000000,0.036619850000
1389181096,636.927820000000,0.013437190000
1389181099,635.974040000000,0.031300000000
1389181108,635.992320000000,0.050000000000
1389181113,638.516980000000,0.013387050000
1389181121,639.187070000000,0.050000000000
1389181128,639.187070000000,0.050000000000
1389181133,639.187070000000,0.050000000000
1389181141,639.000000000000,0.050000000000
1389181149,639.000000000000,0.050000000000
1389181155,639.000000000000,0.050000000000
1389181172,631.777770000000,0.009794630000
1389181172,636.925460000000,0.013437250000
1389181172,633.732870000000,0.027111260000
1389181172,631.000000000000,0.032427580000
1389181194,635.315650000000,0.013420830000
1389181220,635.974040000000,0.050000000000
1389181230,636.900770000000,0.013404140000
1389181238,638.484320000000,0.050000000000
1389181241,635.313280000000,0.013454400000
1389181243,633.732110000000,0.050000000000
1389181252,636.898390000000,0.013404200000
1389181259,638.484320000000,0.050000000000
1389181263,635.310900000000,0.013454470000
1389181265,633.729740000000,0.050000000000
1389181273,636.896000000000,0.013404260000
1389181281,638.485060000000,0.013387590000
1389181286,636.893620000000,0.013437790000
1389181287,633.727360000000,0.013454590000
1389181287,633.727360000000,0.050000000000
1389181295,638.482690000000,0.013387650000
1389181296,639.000000000000,0.168826290000
1389181297,638.482690000000,0.013387740000
1389181302,639.000000000000,0.050000000000
1389181309,632.121680000000,0.013454760000
1389181309,635.305760000000,0.013454670000
1389181309,634.361080000000,0.141697000000
1389181314,631.000000000000,0.025338750000
1389181314,632.118920000000,0.027146590000
1389181328,633.701630000000,0.013438320000
1389181452,631.666600000000,0.000001120000
1389181452,633.729740000000,1.484202710000
1389181452,632.122110000000,0.013488710000
1389181452,631.666600000000,0.002307460000
1389181695,633.699270000000,0.013438380000
1389181729,631.666600000000,0.097278590000
1389181729,633.699270000000,0.340955260000
1389181729,632.119760000000,0.013488770000
1389181729,631.666600000000,0.000017380000
1389181783,630.005800000000,0.376300000000
1389181783,631.666600000000,0.900395450000
1389181783,631.000000000000,0.042233670000
1389181783,630.544180000000,0.013505640000
1389181783,630.000000000000,0.597565240000
1389181871,630.000000000000,0.225440000000
1389181871,630.000000000000,0.528117610000
1389181875,630.000000000000,0.270000000000
1389181890,629.749640000000,0.300000000000
1389181904,629.749640000000,0.300000000000
1389181919,630.000000000000,0.400000000000
1389181940,630.000000000000,0.236212390000
1389181997,632.117400000000,0.013455240000
1389182122,632.749510000000,0.000544760000
1389182235,633.600000000000,0.150000000000
1389182235,633.694530000000,0.050000000000
1389182287,633.694530000000,0.150000000000
1389182287,633.694540000000,0.013438510000
1389182360,633.694530000000,0.163440000000
1389182360,635.275620000000,0.013421790000
1389182385,634.640340000000,0.058155000000
1389182385,636.500000000000,0.062425000000
1389182392,636.500000000000,0.937575000000
1389182419,633.692170000000,0.013472120000
1389182419,630.515790000000,0.001066880000
1389182537,631.988080000000,0.013490300000
1389182540,631.500000000000,0.051000000000
1389182543,633.564900000000,0.013439960000
1389182543,631.500000000000,0.132329700000
1389182544,635.148020000000,0.013423240000
1389182606,635.148020000000,0.900000000000
1389182633,635.988080000000,0.209684900000
1389182677,635.148020000000,0.010851020000
1389182682,635.148020000000,0.129956080000
1389182685,631.985720000000,0.010797880000
1389183027,632.298220000000,0.013487080000
1389183046,630.952000000000,0.350000000000
1389183054,630.952000000000,0.101913770000
1389183071,630.722200000000,0.013503940000
1389183086,630.000000000000,0.850000000000
1389183193,630.000000000000,1.000000000000
1389183362,630.000000000000,0.187620000000
1389183381,630.000000000000,0.100000000000
1389183408,630.000000000000,1.000000000000
1389183424,629.800000000000,0.200000000000
1389183431,629.800000000000,3.194170000000
1389183499,629.800000000000,0.100000000000
1389183512,629.800000000000,0.049000000000
1389183541,629.800000000000,0.200000000000
1389183597,632.000000000000,0.100000000000
1389183667,632.295870000000,0.013453550000
1389183701,632.295870000000,1.400000000000
1389183793,633.873450000000,0.001998990000
1389183794,633.873450000000,0.001802330000
1389183962,631.164650000000,0.013499250000
1389183970,629.800000000000,0.047246740000
1389183981,629.800000000000,0.099000000000
1389184153,629.800000000000,0.048000000000
1389184156,629.800000000000,0.010000000000
1389184360,629.800000000000,0.052583260000
1389184373,629.800000000000,0.050000000000
1389184379,629.749640000000,0.113479510000
1389184379,629.800000000000,0.050000000000
1389184379,629.749640000000,0.086520490000
1389184396,629.749640000000,0.042102040000
1389184396,629.501000000000,0.022514790000
1389184396,629.591450000000,0.013516120000
1389184424,628.800000000000,1.009450000000
1389184424,628.000000000000,0.100000000000
1389184424,628.022180000000,0.013533020000
1389184424,627.610000000000,0.063311770000
1389184424,629.501000000000,0.077485210000
1389184489,627.610000000000,0.200000000000
1389184538,627.610000000000,0.405410000000
1389184543,627.610000000000,0.146870000000
1389184549,627.610000000000,0.258850000000
1389184659,629.589110000000,0.013482520000
1389184668,627.610000000000,1.408679440000
1389184668,629.589110000000,0.000517480000
1389184668,628.019850000000,0.013533080000
1389184848,627.368110000000,0.100000000000
1389184848,627.368110000000,0.100000000000
1389185038,629.586780000000,0.013482580000
1389185039,629.586780000000,0.050000000000
1389185039,637.990000000000,0.013399230000
1389185039,635.988080000000,1.286325100000
1389185039,632.726880000000,0.026864970000
1389185039,635.866990000000,0.026665970000
1389185039,635.000000000000,1.513450000000
1389185040,627.926510000000,0.027376090000
1389185040,637.990000000000,0.069812150000
1389185040,627.130000000000,0.084175800000
1389185040,634.285220000000,0.013466230000
1389185040,631.105860000000,0.025448110000
1389185040,631.105860000000,0.001721620000
1389185064,627.928020000000,0.013534500000
1389185319,626.700000000000,0.035235050000
1389185319,627.130000000000,0.035235050000
1389185319,626.700000000000,0.964764950000
1389185319,626.650000000000,0.797893560000
1389185319,626.362900000000,0.013551410000
1389185319,625.000000000000,0.080000000000
1389185319,625.000000000000,0.062425000000
1389185319,625.000000000000,0.937575000000
1389185319,623.333000000000,0.010070000000
1389185319,623.223250000000,0.027341600000
1389185319,623.030000000000,0.544908380000
1389185417,623.040000000000,0.326700000000
1389185420,623.040000000000,0.200000000000
1389185431,624.779780000000,0.013534860000
1389185641,624.779780000000,0.100000000000
1389185656,624.779780000000,0.250000000000
1389185664,624.779780000000,0.400000000000
1389185670,624.779780000000,0.500000000000
1389185716,624.779780000000,0.100000000000
1389185928,623.040000000000,0.044694280000
1389185928,623.222500000000,0.013585610000
1389185928,623.030000000000,0.942455090000
1389185963,622.777000000000,0.300000000000
1389185964,622.777000000000,0.060130000000
1389186032,622.000000000000,0.007696550000
1389186075,622.000000000000,0.192303450000
1389186133,622.777000000000,0.002670000000
1389186153,624.777450000000,0.013534920000
1389186167,623.220180000000,0.013585680000
1389186167,625.402220000000,0.000465080000
1389186167,623.000000000000,0.085949240000
1389186220,623.000000000000,0.500000000000
1389186231,623.000000000000,0.420000000000
1389186252,623.000000000000,1.004349910000
1389186289,623.000000000000,0.400000000000
1389186310,623.000000000000,0.420000000000
1389186327,622.622000000000,0.000696550000
1389186364,622.000000000000,0.950000000000
1389186388,624.775130000000,0.013534980000
1389186408,626.333950000000,0.010000000000
1389186555,626.000000000000,0.200000000000
1389186668,620.000010000000,0.001573460000
1389186668,626.000000000000,0.088192170000
1389186668,625.399900000000,0.000465020000
1389186668,624.367750000000,0.013573240000
1389186668,622.000000000000,0.501694370000
1389186668,622.000000000000,0.160770000000
1389186668,621.238110000000,0.027385640000
1389186668,620.000010000000,0.206346100000
1389186708,622.789670000000,0.013556650000
1389186748,624.343530000000,0.013539790000
1389186748,626.338620000000,0.001490210000
1389186758,615.000000000000,0.203252030000
1389186758,624.343530000000,0.013987390000
1389186758,623.412450000000,0.000443350000
1389186758,622.787340000000,0.013590570000
1389186758,621.620000000000,0.050000000000
1389186758,620.000010000000,0.275535310000
1389186758,620.000000000000,0.300000000000
1389186758,620.000000000000,0.322580000000
1389186758,620.000000000000,0.023447290000
1389186758,620.000000000000,0.000416090000
1389186758,620.000000000000,0.300000000000
1389186758,620.000000000000,0.655591290000
1389186758,619.665620000000,0.027420600000
1389186758,619.360000000000,0.101830000000
1389186758,619.000000000000,0.383877220000
1389186758,618.430000000000,0.121091280000
1389186758,616.777000000000,0.200000000000
1389186758,616.543900000000,0.027628860000
1389186758,615.000000000000,0.010000000000
1389186758,615.000000000000,0.290000000000
1389186758,615.000000000000,0.082403220000
1389186758,614.000000000000,0.000648370000
1389186760,618.085310000000,0.013608330000
1389186760,626.338620000000,0.178448020000
1389186761,621.168050000000,0.027115520000
1389186761,626.338620000000,0.001239820000
1389186761,624.250790000000,0.026914660000
1389186796,625.811390000000,0.013524200000
1389186881,625.811390000000,0.161900000000
1389186909,636.759990000000,0.026518090000
1389186909,637.000000000000,1.000000000000
1389186909,637.310000000000,1.139390000000
1389186909,637.990000000000,4.256321350000
1389186909,637.980000000000,0.790000000000
1389186909,627.372810000000,0.013507380000
1389186909,627.390000000000,0.057819240000
1389186909,627.811620000000,0.120122540000
1389186909,630.501870000000,0.026914370000
1389186909,633.630930000000,0.026715010000
1389186909,634.089740000000,0.118933200000
1389186915,635.177570000000,0.013457840000
1389186916,632.001680000000,0.013474670000
1389186920,630.418480000000,0.027186760000
1389186921,627.266390000000,0.004413240000
1389186984,627.130000000000,0.022487750000
1389186984,628.850710000000,0.009112250000
1389187010,630.410350000000,0.250000000000
1389187024,626.338620000000,0.873584960000
1389187024,627.130000000000,0.096923100000
1389187024,627.283930000000,0.013542400000
1389187024,625.811390000000,0.158100000000
1389187024,624.139670000000,0.027323420000
1389187024,620.995410000000,0.027530940000
1389187024,620.920000000000,0.120604960000
1389187024,620.100000000000,1.530390220000
1389187024,624.343530000000,0.152000000000
1389187044,625.652950000000,0.026579900000
1389187044,622.547950000000,0.013560100000
1389187075,624.044500000000,0.013577720000
1389187075,620.000000000000,0.759632310000
1389187075,620.916480000000,0.027394680000
1389187075,620.100000000000,0.497712940000
1389187076,620.000000000000,0.001682350000
1389187077,622.467250000000,0.013561130000
1389187077,625.571840000000,0.026578870000
1389187363,625.000000000000,0.500000000000
1389187468,627.083080000000,0.013511210000
1389187519,625.520060000000,0.013561870000
1389187637,625.010000000000,0.600000000000
1389187637,625.000000000000,0.400000000000
1389187683,625.000000000000,0.525660000000
1389187795,630.208350000000,0.026922130000
1389187795,627.080750000000,0.013511270000
1389187795,630.343120000000,0.039566600000
1389187858,628.639120000000,0.013528280000
1389187885,627.072230000000,0.013545190000
1389188250,625.000000000000,0.074340000000
1389188250,620.300000000000,0.134734650000
1389188250,625.509240000000,0.013562130000
1389188250,622.373870000000,0.027363220000
1389188252,627.040160000000,0.001524450000
1389188252,623.928270000000,0.013545550000
1389188271,627.040160000000,0.025466000000
1389188271,628.000000000000,0.531897760000
1389188587,627.999800000000,0.570000000000
1389188587,627.999970000000,0.200000000000
1389188587,627.999980000000,0.730000000000
1389188636,627.999980000000,0.001998990000
1389188644,625.500000000000,0.500000000000
1389188644,625.478800000000,0.013562610000
1389188644,624.000000000000,0.486437390000
1389188699,627.039390000000,0.013512010000
1389188828,627.900000000000,0.513510000000
1389188837,627.900000000000,0.200000000000
1389188838,627.999700000000,0.427130000000
1389188839,627.999700000000,0.073933390000
1389188850,627.999700000000,0.143126100000
1389188851,627.999700000000,0.095430000000
1389188986,627.900000000000,0.013820000000
1389188998,627.999700000000,0.260380510000
1389189145,627.999700000000,0.739619490000
1389189367,625.476480000000,0.013562680000
1389189368,625.476480000000,0.015010000000
1389189381,625.476480000000,0.015010000000
1389189431,625.000000000000,0.231807830000
1389189487,625.000000000000,0.984990000000
1389189495,625.000000000000,1.000000000000
1389189640,625.000000000000,0.279202170000
1389189640,625.000000000000,0.198479680000
1389189691,623.917480000000,0.013579630000
1389189691,620.790090000000,0.027398530000
1389189691,620.300000000000,0.009021840000
1389189934,621.300000000000,0.057740000000
1389190020,621.300000000000,0.089626750000
1389190063,621.000000000000,0.350000000000
1389190063,620.310000000000,0.012100000000
1389190115,620.310000000000,0.562180820000
1389190116,620.310000000000,0.055010000000
1389190129,620.310000000000,0.055010000000
1389190219,620.300000000000,0.018967750000
1389190220,620.300000000000,0.045010000000
1389190234,620.100000000000,0.036020000000
1389190265,620.310000000000,0.027799180000
1389190274,622.340540000000,0.013563040000
1389190284,623.893280000000,0.013546170000
1389190296,622.338210000000,0.013596970000
1389190296,620.100000000000,0.008372900000
1389190368,620.800000000000,0.200000000000
1389190368,620.787030000000,0.013613960000
1389190445,620.100000000000,0.177560000000
1389190479,620.100000000000,0.500000000000
1389190510,620.100000000000,0.142000000000
1389190511,620.100000000000,0.136047100000
1389190524,619.239700000000,0.013630980000
1389190524,616.135760000000,0.027502130000
1389190524,616.000000000000,0.121546890000
1389190526,617.674570000000,0.013614320000
1389190526,620.100000000000,0.001425680000
1389190821,619.215680000000,0.013597390000
1389190826,619.215680000000,0.021660300000
1389191058,620.100000000000,0.609837120000
1389191111,619.215680000000,0.032300000000
1389191117,619.215680000000,0.032300000000
1389191123,619.215680000000,0.032300000000
1389191127,619.215680000000,0.032300000000
1389191133,619.215680000000,0.032300000000
1389191224,620.100000000000,0.032250000000
1389191316,619.215680000000,0.101000000000
1389191338,616.000000000000,0.040783110000
1389191338,619.215680000000,0.027500000000
1389191338,617.672260000000,0.013648380000
1389191338,616.000000000000,0.034998510000
1389191555,616.132700000000,0.013665440000
1389191555,616.010000000000,1.385334560000
1389191567,617.669960000000,0.013614450000
1389191576,619.211050000000,0.013597520000
1389191585,620.100000000000,0.050000000000
1389191591,620.100000000000,0.050000000000
1389191599,620.100000000000,0.050000000000
1389191611,617.667650000000,0.013648510000
1389191611,616.010000000000,0.035456950000
1389191668,619.208740000000,0.013597580000
1389191736,620.000000000000,0.375000000000
1389191796,620.100000000000,0.468600100000
1389191825,620.753670000000,0.013580670000
1389191826,620.753670000000,0.473000000000
1389191840,622.000000000000,0.125000000000
1389191914,622.000000000000,0.060000000000
1389191984,622.000000000000,0.010000000000
1389192087,622.000000000000,0.931380000000
1389192177,620.100000000000,0.041600700000
1389192229,620.100000000000,0.100000000000
1389192232,620.100000000000,0.045154000000
1389192397,620.000000000000,0.100000000000
1389192412,620.100000000000,0.030000000000
1389192449,620.000000000000,0.043963870000
1389192449,619.206430000000,0.013631600000
1389192510,618.000000000000,0.335620000000
1389192510,618.000000000000,1.664380000000
1389192514,618.000000000000,0.250940000000
1389192608,617.663040000000,0.013648640000
1389192608,616.010000000000,0.090151360000
1389192642,616.010000000000,0.345394300000
1389192642,616.123500000000,0.013665700000
1389192813,616.010000000000,0.143662830000
1389192813,617.000000000000,0.500000000000
1389192813,616.010000000000,0.326337170000
1389192827,616.010000000000,0.100000000000
1389192871,616.010000000000,0.500000000000
1389192999,617.660730000000,0.013614700000
1389193070,619.201800000000,0.012449070000
1389193077,619.500000000000,0.017059880000
1389193082,619.500000000000,0.143302800000
1389193158,616.010000000000,0.002897840000
1389193158,618.000000000000,0.500000000000
1389193158,617.600000000000,0.326700000000
1389193158,617.528420000000,0.013650200000
1389193158,616.000000000000,0.135001490000
1389193159,614.770000000000,0.000764990000
1389193159,614.770000000000,0.020985480000
1389193248,618.500000000000,0.000082060000
1389193450,616.000000000000,0.300000000000
1389193451,616.000000000000,0.181362980000
1389193452,619.069160000000,0.013599260000
1389193452,616.000000000000,0.018557020000
1389193464,619.069160000000,0.168373720000
1389193701,617.526110000000,0.075020000000
1389193701,617.526110000000,0.013650260000
1389193716,617.526110000000,0.410090000000
1389193729,617.526110000000,0.410090000000
1389193742,617.526110000000,0.410090000000
1389193757,617.526110000000,0.265060000000
1389193845,615.986910000000,0.013667330000
1389193931,614.770000000000,0.100060540000
1389193932,614.770000000000,0.088919900000
1389193940,614.451550000000,0.013684410000
1389193940,612.777000000000,0.138178270000
1389193940,612.815590000000,0.128671690000
1389193940,614.000000000000,0.019465630000
1389193941,614.770000000000,0.050000000000
1389193947,614.770000000000,0.050000000000
1389193954,614.770000000000,0.050000000000
1389193962,614.770000000000,0.050000000000
1389193969,614.770000000000,0.050000000000
1389193975,614.770000000000,0.050000000000
1389193982,614.770000000000,0.050000000000
1389193990,614.750000000000,0.050000000000
1389194006,612.777000000000,0.048047820000
1389194006,612.920020000000,0.013701510000
1389194048,612.777000000000,0.001290190000
1389194049,612.000000000000,0.042900000000
1389194068,612.000000000000,0.350000000000
1389194108,611.392310000000,0.013718640000
1389194131,611.000000000000,0.163660000000
1389194146,611.000000000000,0.836340000000
1389194146,611.392310000000,0.986281360000
1389194146,612.000000000000,0.617378640000
1389194187,610.338620000000,0.009800990000
1389194200,611.999000000000,0.180000000000
1389194202,611.000000000000,0.061944200000
1389194224,611.000000000000,0.000055800000
1389194333,609.868400000000,0.013735790000
1389194378,609.868400000000,0.436264210000
1389194378,610.000000000000,0.400000000000
1389194396,610.000000000000,0.400000000000
1389194406,610.000000000000,0.865000000000
1389194417,610.000000000000,0.898735790000
1389194430,608.348300000000,0.013752960000
1389194430,608.010000000000,0.200000000000
1389194430,608.000000000000,0.786247040000
1389194462,608.000000000000,0.930000000000
1389194487,608.000000000000,1.657039470000
1389194487,608.000000000000,2.229633170000
1389194490,608.000000000000,0.113327360000
1389194561,608.100000000000,0.886672640000
1389194572,609.866140000000,0.013701640000
1389194581,610.000000000000,0.050000000000
1389194589,610.000000000000,0.050000000000
1389194595,610.000000000000,0.001264210000
1389194595,610.000000000000,0.200000000000
1389194618,610.000000000000,0.200000000000
1389194650,611.000000000000,0.090640000000
1389194655,610.000000000000,0.038735790000
1389194721,608.346040000000,0.013753020000
1389194729,608.000000000000,0.846074430000
1389194752,608.000000000000,0.145004530000
1389194753,608.000000000000,0.009919310000
1389194780,608.000000000000,0.500000000000
1389194849,606.829730000000,0.013770220000
1389194849,606.618890000000,0.251393420000
1389194849,606.240000000000,0.123525210000
1389194849,606.123400000000,1.088880000000
1389194849,606.100000000000,0.250000000000
1389194849,605.000000000000,0.100000000000
1389194849,604.000000000000,0.662690000000
1389194850,604.829730000000,0.013787430000
1389194888,604.829730000000,0.070194580000
1389194900,604.829730000000,0.575380000000
1389194924,604.000000000000,0.200000000000
1389194941,604.000000000000,0.137310000000
1389194941,604.000000000000,0.362690000000
1389194961,604.829730000000,3.100000000000
1389194971,604.000000000000,0.100000000000
1389194992,602.283040000000,0.027817790000
1389194992,604.000000000000,0.040922010000
1389194992,602.510000000000,0.020000000000
1389194992,601.477920000000,0.497904300000
1389194992,601.100010000000,0.033270000000
1389194992,601.100000000000,0.300000000000
1389194992,601.000000000000,1.163627280000
1389194992,601.000000000000,0.300000000000
1389194992,601.000000000000,0.246250000000
1389194992,600.796300000000,0.033280000000
1389194992,600.240000000000,0.124760460000
1389194992,600.000000000000,2.000000000000
1389194992,600.000000000000,0.211293420000
1389194992,600.000000000000,0.000874740000
1389194992,600.000000000000,0.164800000000
1389194992,600.000000000000,0.168500000000
1389195006,603.787860000000,0.013770580000
1389195013,604.829730000000,0.050000000000
1389195020,604.829730000000,0.004299140000
1389195113,605.000000000000,0.200000000000
1389195113,605.000000000000,0.088250000000
1389195197,605.294320000000,0.013753450000
1389195294,606.000000000000,0.100000000000
1389195294,605.294320000000,0.400930000000
1389195337,605.294320000000,0.085316550000
1389195341,605.294320000000,0.014683450000
1389195341,606.000000000000,0.100000000000
1389195341,606.804530000000,0.013736350000
1389195341,610.000000000000,0.022395310000
1389195341,609.831010000000,0.027370610000
1389195341,609.347770000000,0.123762370000
1389195348,608.312500000000,0.013753650000
1389195349,605.270940000000,0.013770840000
1389195399,602.660000000000,0.005215680000
1389195399,603.754710000000,0.027784320000
1389195404,602.660000000000,0.033000000000
1389195410,602.660000000000,0.033000000000
1389195553,603.000000000000,0.010070000000
1389195587,605.000000000000,0.033280000000
1389195587,605.000000000000,0.100000000000
1389195622,605.000000000000,0.150000000000
1389195694,605.270940000000,0.005275510000
1389195694,605.264510000000,0.013754010000
1389195804,606.000000000000,0.080000000000
1389195845,606.774650000000,0.013736900000
1389195845,609.510000000000,0.137683100000
1389195872,608.288560000000,0.003074190000
1389195883,608.628300000000,0.013716000000
1389195883,609.510000000000,0.862316900000
1389195908,610.000000000000,1.136060000000
1389195912,610.000000000000,0.025480000000
1389195927,615.986910000000,0.435310000000
1389195927,616.233130000000,0.027093870000
1389195927,619.276280000000,0.026894160000
1389195927,619.500000000000,0.839637320000
1389195927,620.000000000000,0.042840000000
1389195927,620.000010000000,0.033270000000
1389195927,620.100000000000,0.388909690000
1389195927,610.146840000000,0.013698940000
1389195927,611.000000000000,0.009564360000
1389195927,613.189990000000,0.027296070000
1389195927,615.441240000000,0.122537000000
1389195940,617.737280000000,0.013648700000
1389195948,616.197560000000,0.013665760000
1389195955,614.661670000000,0.013682840000
1389195964,613.129610000000,0.013699950000
1389195973,611.601370000000,0.013717070000
1389195980,610.076940000000,0.013734220000
1389195988,608.690000000000,0.050000000000
1389196000,608.690000000000,0.073029120000
1389196000,604.010000000000,0.106654540000
1389196000,605.505930000000,0.027745070000
1389196000,606.000000000000,0.000970480000
1389196000,608.556320000000,0.013751390000
1389196003,607.018210000000,0.013734580000
1389196003,611.000000000000,0.129418320000
1389196003,610.045750000000,0.027367100000
1389196058,611.000000000000,0.870581680000
1389196058,613.117330000000,0.875795900000
1389196058,611.569340000000,0.013683460000
1389196059,614.000000000000,0.013666440000
1389196069,614.000000000000,0.050000000000
1389196076,614.000000000000,0.050000000000
1389196084,614.000000000000,0.050000000000
1389196091,614.000000000000,0.050000000000
1389196098,614.000000000000,0.050000000000
1389196101,614.000000000000,0.120279000000
1389196104,614.000000000000,0.050000000000
1389196109,614.000000000000,0.120279000000
1389196110,614.000000000000,1.138000000000
1389196124,614.000000000000,0.084474000000
1389196179,617.922860000000,0.122537000000
1389196179,616.143060000000,0.757320790000
1389196179,616.153060000000,0.027231330000
1389196179,619.210910000000,0.027029610000
1389196179,619.900000000000,0.684219940000
1389196182,617.671700000000,0.013649870000
1389196184,614.583340000000,0.013666930000
1389196191,614.000000000000,0.793320000000
1389196212,613.043780000000,0.027574670000
1389196212,614.000000000000,2.169920520000
1389196237,611.519210000000,0.013718480000
1389196303,609.994990000000,0.013735630000
1389196333,608.474570000000,0.013752800000
1389196439,607.000000000000,0.326700000000
1389196457,607.000000000000,0.025000000000
1389196596,607.000000000000,0.295771160000
1389196650,606.957940000000,0.013769990000
1389196650,606.240000000000,0.008930010000
1389196733,607.000000000000,0.300000000000
1389196744,607.000000000000,0.904228840000
1389196789,610.000000000000,1.240000000000
1389196789,608.472310000000,0.013718610000
1389196790,610.000000000000,0.013701550000
1389197095,608.000000000000,0.986840000000
1389197157,607.000000000000,1.148270000000
1389197655,613.032820000000,0.020191340000
1389197655,612.990000000000,0.779808660000
1389197694,610.000000000000,0.866272310000
1389197694,610.714190000000,0.013727690000
1389197725,610.000000000000,1.390317540000
1389197725,610.000000000000,0.181212460000
1389197774,619.000000000000,0.065542460000
1389197774,612.237930000000,0.013676470000
1389197774,614.583340000000,0.004983200000
1389197774,615.291510000000,0.027251290000
1389197774,618.345080000000,0.027049430000
1389197775,613.715160000000,0.026340120000
1389197775,616.806900000000,0.013659880000
1389197805,612.323160000000,0.013709880000
1389197805,610.020000000000,0.001290120000
1389197875,613.850920000000,0.013658720000
1389197875,612.323160000000,1.148000000000
1389197876,613.850920000000,0.155000000000
1389198155,612.320880000000,0.013709940000
1389198155,610.000100000000,0.001290060000
1389198168,610.000100000000,0.001272920000
1389198168,610.794660000000,0.013727080000
1389198298,610.010000000000,1.000000000000
1389198315,610.000000000000,0.568787540000
1389198315,610.010000000000,0.292055340000
1389198315,610.010000000000,0.326700000000
1389198315,610.000100000000,0.063837020000
1389198315,610.000000000000,3.000000000000
1389198324,610.000000000000,0.100000000000
1389198355,609.272240000000,0.007853080000
1389198730,608.404080000000,0.013754050000
1389198730,602.110000000000,0.351024140000
1389198730,602.304830000000,0.027961210000
1389198730,602.660000000000,0.053043730000
1389198730,603.100000000000,0.500000000000
1389198730,605.354450000000,0.027750450000
1389198730,606.000000000000,1.167211220000
1389198730,606.240000000000,0.114595200000
1389198743,603.810640000000,0.013772020000
1389198751,605.317150000000,0.013754900000
1389198760,606.827420000000,0.013737790000
1389198873,602.280750000000,0.027821570000
1389198873,603.818380000000,0.718323330000
1389198873,605.314890000000,0.013789300000
1389198873,602.110000000000,0.240065800000
1389198884,603.784970000000,0.013772460000
1389198893,605.291420000000,0.013755330000
1389198905,606.801630000000,0.013738220000
1389198968,605.289160000000,0.013789740000
1389198997,603.780460000000,0.013806970000
1389199026,602.275520000000,0.013824230000
1389199026,603.000000000000,1.000000000000
1389199026,605.000000000000,0.043800000000
1389199036,603.778210000000,0.013772650000
1389199043,605.284640000000,0.013755520000
1389199047,603.775950000000,0.013807100000
1389199047,605.284640000000,0.036244480000
1389199047,602.110000000000,0.221308420000
1389199048,602.110000000000,0.187601640000
1389199048,602.271020000000,0.013824360000
1389199050,602.110000000000,0.028574000000
1389199058,605.282380000000,0.013755580000
1389199059,605.282380000000,0.013755670000
1389199067,606.000000000000,0.050000000000
1389199085,604.000000000000,0.079397440000
1389199126,604.000000000000,0.523000000000
1389199130,604.000000000000,0.897602560000
1389199282,604.000000000000,0.100000000000
1389199589,604.000000000000,0.050000000000
1389199762,605.268770000000,0.278636540000
1389199783,608.298990000000,0.027409110000
1389199783,605.268770000000,0.221363460000
1389199783,609.990000000000,0.950949910000
1389199783,608.298990000000,0.163000000000
1389199847,609.818220000000,0.010994500000
1389199848,609.818220000000,0.002709970000
1389199851,608.298230000000,0.013755860000
1389199851,609.818220000000,0.008587760000
1389199851,605.818220000000,0.048140000000
1389199851,605.249140000000,0.027754100000
1389199853,602.620000000000,0.013807750000
1389199879,606.760770000000,0.010962080000
1389199880,606.760770000000,0.002997290000
1389199883,606.454380000000,0.010745300000
1389199904,609.990000000000,0.002120910000
1389199904,607.967570000000,0.013725500000
1389199912,606.454380000000,0.028750000000
1389199913,609.484450000000,0.013708430000
1389200110,607.965310000000,0.013759830000
1389200110,606.454380000000,0.067240170000
1389200277,606.454380000000,0.008558590000
1389200277,602.760000000000,0.284857560000
1389200277,603.410110000000,0.027796820000
1389200277,603.898980000000,0.500000000000
1389200277,606.000000000000,0.165010000000
1389200277,606.449940000000,0.013777030000
1389200311,604.917160000000,0.013760200000
1389200318,604.917160000000,0.000227200000
1389200319,602.100000000000,0.100000000000
1389200319,603.409390000000,0.013811800000
1389200319,602.760000000000,0.715142440000
1389200319,602.002900000000,0.170818550000
1389200344,604.914900000000,0.006996500000
1389200514,605.000000000000,0.300000000000
1389200647,605.681830000000,0.013751560000
1389200679,607.193010000000,0.013734460000
1389200713,607.800000000000,0.164078360000
1389200725,607.800000000000,0.000074650000
1389200832,607.800000000000,0.009748540000
1389200833,607.800000000000,0.001185800000
1389200996,605.679570000000,0.013785960000
1389201104,605.679570000000,1.000000000000
1389201214,605.679570000000,0.040590690000
1389201283,607.800000000000,0.024912650000
1389201283,607.190740000000,0.013734520000
1389201283,609.980000000000,1.000000000000
1389201283,609.990000000000,0.046929180000
1389201283,610.219140000000,0.027366980000
1389201283,611.804810000000,0.123762370000
1389201283,611.950000000000,0.858374300000
1389201380,611.743170000000,0.013683400000
1389201462,611.950000000000,0.040000000000
1389201533,610.218390000000,0.013734710000
1389201877,614.791990000000,0.027265240000
1389201877,611.950000000000,0.111625700000
1389201877,611.740890000000,0.013683460000
1389201877,615.950000000000,0.048070000000
1389201877,616.900000000000,0.211375230000
1389201877,616.328900000000,0.500000000000
1389201877,615.441240000000,0.122537000000
1389201877,615.000000000000,1.165240000000
1389201948,616.327440000000,0.013632530000
1389201948,616.900000000000,0.148480940000
1389202060,616.800000000000,0.500000000000
1389202278,614.791230000000,0.013683650000
1389202326,615.999990000000,0.036000000000
1389202379,615.999990000000,0.306000000000
1389202553,615.999990000000,0.043450000000
1389202770,615.999990000000,0.324675320000
1389202825,615.999980000000,0.099757950000
1389202865,613.500000000000,1.025260000000
1389202901,615.999980000000,0.010000000000
1389203227,615.990000000000,0.019480830000
1389203252,611.000000000000,0.013717890000
1389203252,613.258850000000,0.013700760000
1389203369,608.110000000000,0.050863400000
1389203369,608.690000000000,0.123029120000
1389203369,608.663990000000,0.027677480000
1389203420,608.110000000000,0.020000000000
1389203484,606.000010000000,0.397093770000
1389203484,608.220000000000,0.160000000000
1389203484,608.110000000000,0.929136600000
1389203484,607.149320000000,0.013769630000
1389203597,607.000000000000,0.020000000000
1389203710,608.664170000000,0.013718250000
1389203749,610.182790000000,0.013701190000
1389203774,610.182790000000,0.020000000000
1389203784,611.705210000000,0.013684150000
1389203809,612.120000000000,1.000000000000
1389203852,613.000000000000,0.101876010000
1389203859,610.180520000000,0.013735460000
1389203933,609.570330000000,0.000264540000
1389203966,611.702940000000,0.001998990000
1389204001,611.925650000000,0.013681720000
1389204046,608.664170000000,0.277081750000
1389204046,608.010000000000,1.000000000000
1389204046,610.400410000000,0.013733030000
1389204046,607.000000000000,0.681477180000
1389204046,607.340780000000,0.027708040000
1389204047,611.894350000000,0.001323750000
1389204047,608.857630000000,0.013716250000
1389204061,610.523900000000,0.013697540000
1389204061,613.000000000000,0.016412460000
1389204082,612.047180000000,0.000029570000
1389204103,612.050470000000,0.013680470000
1389204103,612.900000000000,0.986319530000
1389204122,610.524920000000,0.013731770000
1389204178,609.914390000000,0.000268230000
1389204178,612.950000000000,0.972370770000
1389204178,612.900000000000,0.013680470000
1389204178,612.048190000000,0.013680530000
1389204179,612.950000000000,0.027629230000
1389204179,613.000000000000,0.072370770000
1389204211,613.000000000000,1.000000000000
1389204266,613.000000000000,0.705587920000
1389204267,613.000000000000,1.000000000000
1389204295,613.000000000000,1.000000000000
1389204299,613.000000000000,1.000000000000
1389204319,613.000000000000,0.100000000000
1389204345,613.000000000000,1.000000000000
1389204388,613.000000000000,0.130500000000
1389204453,613.000000000000,0.100000000000
1389204532,613.000000000000,0.500000000000
1389204554,613.000000000000,0.010000000000
1389204590,613.000000000000,0.100000000000
1389204590,613.000000000000,0.506720000000
1389204724,613.000000000000,0.100000000000
1389204809,613.000000000000,1.000000000000
1389204859,613.000000000000,0.100000000000
1389204974,610.572640000000,0.093250000000
1389205103,613.000000000000,0.635415980000
1389205133,613.000000000000,0.821116860000
1389205133,613.575260000000,0.013663520000
1389205133,614.990000000000,0.166350000000
1389205133,615.000000000000,0.048869620000
1389205312,615.000000000000,0.241570380000
1389205359,615.106140000000,0.010057980000
1389205360,615.106140000000,0.001228450000
1389205397,615.010000000000,0.500000000000
1389205819,608.186390000000,0.116561820000
1389205819,609.890000000000,1.240000000000
1389205819,609.914390000000,0.085250000000
1389205819,610.000100000000,0.100000000000
1389205819,610.234390000000,0.027642700000
1389205819,613.308600000000,0.013700650000
1389205819,615.000000000000,0.258429620000
1389205819,615.010000000000,0.158415210000
1389206122,614.244680000000,0.116561820000
1389206122,614.809670000000,0.027266130000
1389206122,615.441240000000,0.122537000000
1389206122,611.758480000000,0.013683910000
1389206122,616.700000000000,0.531625540000
1389206168,613.288780000000,0.020000000000
1389206171,613.288780000000,0.625223750000
1389206343,613.288780000000,0.020000000000
1389206392,616.345170000000,0.013632980000
1389206426,616.345170000000,0.020000000000
1389206434,616.345170000000,0.167340000000
1389206510,616.345170000000,0.020000000000
1389206594,616.345170000000,0.020000000000
1389206632,616.345170000000,0.750000000000
1389206676,616.345170000000,0.020000000000
1389206738,616.700000000000,0.098261200000
1389206764,616.345170000000,0.020000000000
1389206897,616.700000000000,0.009995000000
1389206930,616.700000000000,0.006117150000
1389207168,616.700000000000,1.000000000000
1389207206,616.700000000000,0.079292680000
1389207246,616.700000000000,0.302268430000
1389207351,616.900000000000,0.250000000000
1389207400,616.900000000000,0.390143830000
1389207400,617.882960000000,0.013616020000
1389207400,619.800000000000,1.080000000000
1389207400,619.900000000000,0.051481140000
1389207447,619.424580000000,0.013599080000
1389207447,619.900000000000,0.140328920000
1389207461,619.990000000000,0.040070000000
1389207659,619.950000000000,0.846072000000
1389207664,619.990000000000,0.140930000000
1389207664,620.000000000000,0.043730000000
1389207664,620.100000000000,1.815340000000
1389208069,619.999990000000,0.009677410000
1389208093,617.000000000000,0.140349920000
1389208093,617.880650000000,0.013650080000
1389208169,617.000000000000,0.340320000000
1389208268,620.000000000000,0.036400850000
1389208268,619.422270000000,0.013599150000
1389208343,618.000000000000,0.020000000000
1389208366,618.000000000000,0.205000000000
1389208366,618.000000000000,0.098620000000
1389208366,617.878340000000,0.013650140000
1389208366,617.000000000000,0.019330080000
1389208366,616.345170000000,0.183815340000
1389208366,615.422270000000,0.682522760000
1389208366,615.422270000000,0.002061680000
1389208443,616.338270000000,0.013667210000
1389208457,615.422270000000,0.451545400000
1389208457,610.050000000000,0.001300570000
1389208457,610.050000000000,0.325860040000
1389208457,611.546000000000,1.080000000000
1389208457,611.720340000000,0.027609700000
1389208457,614.802030000000,0.013684290000
1389208457,615.000000000000,0.100000000000
1389208469,613.248140000000,0.013667570000
1389208470,615.000000000000,0.013650570000
1389208567,617.844440000000,0.027199700000
1389208567,615.721930000000,0.000332790000
1389208567,620.000000000000,0.002844100000
1389208567,620.000000000000,0.163599150000
1389208608,619.387790000000,0.013599760000
1389208617,619.387790000000,0.020000000000
1389208707,617.843950000000,0.013650760000
1389208720,619.385480000000,0.013599830000
1389208720,620.000000000000,0.036050930000
1389208720,617.226100000000,0.000349240000
1389208726,620.000000000000,0.350000000000
1389208788,617.841640000000,0.013650830000
1389208870,610.000000000000,0.235448210000
1389208870,616.301650000000,0.013667890000
1389208870,615.000000000000,0.272681860000
1389208870,613.212440000000,0.027576600000
1389208870,610.123230000000,0.027786050000
1389208870,610.050000000000,0.422839390000
1389208872,614.699220000000,0.001364250000
1389208872,611.648590000000,0.013685750000
1389209130,614.699220000000,0.025905540000
1389209142,614.699220000000,0.020000000000
1389209232,614.699220000000,0.020000000000
1389209243,614.699220000000,0.184094460000
1389209243,614.699220000000,0.015905540000
1389209257,616.234430000000,0.013634810000
1389209257,617.223790000000,0.000349170000
1389209257,619.300000000000,0.002231940000
1389209316,614.698450000000,0.013685940000
1389209320,616.232130000000,0.013634870000
1389209320,614.083750000000,0.000314060000
1389209320,619.200000000000,0.001111070000
1389209333,619.200000000000,0.001402090000
1389209333,617.769640000000,0.013617910000
1389209399,619.000000000000,1.000000000000
1389209400,619.200000000000,0.014000000000
1389209427,619.200000000000,0.986000000000
1389209485,616.229830000000,0.013668980000
1389209774,614.693860000000,0.013686070000
1389209775,614.079160000000,0.000313930000
1389209799,613.161730000000,0.013314830000
1389209799,614.079160000000,0.000685170000
1389209873,614.735060000000,0.010719310000
1389210057,615.000000000000,0.813008130000
1389210078,615.000000000000,0.813008130000
1389210109,615.000000000000,0.035627110000
1389210109,615.000000000000,0.432480000000
1389210110,615.000000000000,0.214613000000
1389210111,615.000000000000,0.215372730000
1389210112,615.000000000000,0.035627110000
1389210114,615.000000000000,0.088987940000
1389210189,615.000000000000,0.014874310000
1389210189,615.000000000000,0.015080000000
1389210344,610.300000000000,0.000293580000
1389210344,612.874690000000,0.013706420000
1389210349,611.347090000000,0.013723550000
1389210349,610.300000000000,0.033276450000
1389210350,610.300000000000,0.136210060000
1389210351,610.000000000000,0.000054420000
1389210351,610.000000000000,0.013735520000
1389210486,612.872410000000,0.013672340000
1389210549,612.872410000000,0.200000000000
1389210663,612.872410000000,0.086327660000
1389210680,612.000000000000,0.425240000000
1389210693,612.000000000000,0.185040000000
1389210753,612.000000000000,0.100000000000
1389210909,612.000000000000,0.016290000000
1389211016,612.000000000000,0.038764970000
1389211259,611.000000000000,0.050000000000
1389211259,610.000000000000,0.450761850000
1389211259,608.850000000000,0.170810000000
1389211259,608.820000000000,0.105204530000
1389211259,611.344810000000,0.013723620000
1389211556,609.831020000000,0.602755090000
1389211556,609.821020000000,0.013740770000
1389211556,608.830000000000,0.200000000000
1389211556,608.820000000000,0.519795470000
1389211556,608.690000000000,0.123029120000
1389211556,608.100000000000,0.072009550000
1389211567,611.342540000000,0.013689500000
1389211576,612.000000000000,0.050000000000
1389211588,609.818760000000,0.013740830000
1389211588,608.311030000000,0.027710260000
1389211612,611.340270000000,0.013689560000
1389211624,612.000000000000,3.500000000000
1389211640,612.000000000000,0.166720000000
1389211640,612.000000000000,0.035801730000
1389211875,611.350270000000,0.583748970000
1389211875,611.340270000000,0.002667940000
1389211875,610.001000000000,0.167583090000
1389211930,612.000000000000,0.156960000000
1389211974,612.000000000000,0.080964050000
1389212142,610.011000000000,0.043380000000
1389212217,608.870000000000,1.000000000000
1389212217,610.011000000000,0.478907860000
1389212217,610.001000000000,2.782946740000
1389212217,609.816490000000,0.013740900000
1389212217,608.100000000000,0.337648900000
1389212218,608.000000000000,0.045200000000
1389212218,608.000000000000,0.013758070000
1389212228,608.000000000000,0.050000000000
1389212237,608.000000000000,0.050000000000
1389212237,608.000000000000,0.032513030000
1389212278,607.000000000000,0.500000000000
1389212278,607.000000000000,0.260786490000
1389212278,607.010000000000,0.446002130000
1389212309,607.000000000000,0.494233940000
1389212348,605.000000000000,0.413223140000
1389212348,606.060600000000,6.666000000000
1389212348,606.155000000000,0.410337900000
1389212348,605.247430000000,0.027758570000
1389212348,606.145000000000,1.000000000000
1389212363,605.000000000000,0.010152440000
1389212514,606.759440000000,0.013741260000
1389212514,609.785690000000,0.027380410000
1389212514,611.000000000000,0.101751930000
1389212514,607.865530000000,0.077757900000
1389212741,608.277290000000,0.390606570000
1389212752,608.277290000000,0.038153840000
1389212780,608.277290000000,0.100000000000
1389212845,605.100000000000,0.588511870000
1389212845,608.267290000000,0.013758570000
1389212845,605.218350000000,0.027759560000
1389212908,606.729910000000,0.013741760000
1389212946,608.243700000000,0.013724670000
1389212976,609.761270000000,0.004989900000
1389212979,610.314640000000,0.000605470000
1389213087,609.876540000000,0.147440000000
1389213221,609.876540000000,0.015170000000
1389213248,607.345130000000,0.013769140000
1389213250,607.000000000000,0.012261260000
1389213437,611.000000000000,0.098248070000
1389213437,608.854320000000,0.564020000000
1389213437,611.880000000000,0.325573990000
1389213437,608.860470000000,0.013717760000
1389213507,605.020000000000,0.000014940000
1389213507,608.854320000000,0.100000000000
1389213507,607.342870000000,0.013769200000
1389213507,606.729910000000,0.002115270000
1389213507,605.100000000000,0.561488130000
1389213507,605.020000000000,1.322612460000
1389213520,608.858200000000,0.010000000000
1389213756,606.930580000000,0.013773910000
1389213871,606.930580000000,0.186226090000
1389213871,608.444880000000,0.013722520000
1389213871,611.479540000000,0.020827380000
1389213956,609.233850000000,0.013747940000
1389214015,607.715330000000,0.013765130000
1389214041,611.890000000000,0.119835350000
1389214041,607.715330000000,0.144064870000
1389214041,611.880000000000,0.722386010000
1389214041,609.231590000000,0.013713770000
1389214257,607.713070000000,0.013765190000
1389214412,609.000000000000,0.016420360000
1389214416,609.000000000000,0.164200000000
1389214442,606.198330000000,0.013782400000
1389214442,605.120000000000,0.190163750000
1389214442,605.200000000000,0.066093850000
1389214442,605.200010000000,0.729960000000
1389214444,605.120000000000,0.433815090000
1389214509,607.710800000000,0.013730970000
1389214810,607.000000000000,0.100000000000
1389214810,607.710800000000,0.034729030000
1389214851,606.196070000000,0.013782460000
1389214864,605.120000000000,0.326021160000
1389214880,605.100000000000,0.236917030000
1389214930,605.020000000000,0.728660000000
1389215114,605.020000000000,0.010885090000
1389215114,604.685100000000,0.013799690000
1389215114,603.965230000000,0.425470070000
1389215114,603.965230000000,0.002255150000
1389215117,606.193800000000,0.000999100000
1389215125,608.100000000000,0.254629450000
1389215125,608.099990000000,0.450000000000
1389215125,606.303590000000,0.013746960000
1389215141,608.100000000000,0.428170140000
1389215141,607.816320000000,0.013729860000
1389215150,608.100000000000,0.089201110000
1389215155,609.332820000000,0.012920700000
1389215155,608.100000000000,0.207999300000
1389215216,610.765200000000,0.013696710000
1389215228,610.765200000000,0.011039890000
1389215236,610.765200000000,0.010985830000
1389215324,611.400000000000,0.128780000000
1389215324,611.400000000000,1.503530000000
1389215366,611.400000000000,0.160000000000
1389215367,611.400000000000,0.196270850000
1389215654,609.242850000000,0.013748080000
1389215654,610.765200000000,0.046070560000
1389215654,607.816320000000,0.013999950000
1389215654,607.708530000000,1.000000000000
1389215654,606.189020000000,0.027738390000
1389215654,603.965230000000,0.258371460000
1389215654,603.965230000000,0.000071560000
1389215655,607.703010000000,0.013731280000
1389215655,610.733970000000,0.026358720000
1389215772,611.300000000000,0.050090000000
1389216029,611.300000000000,0.436520000000
1389216029,611.300000000000,0.035235270000
1389216030,611.300000000000,0.089329950000
1389216032,611.300000000000,0.035235270000
1389216034,611.300000000000,0.035235270000
1389216036,611.300000000000,0.035235270000
1389216039,611.300000000000,0.035235270000
1389216040,611.300000000000,0.147036070000
1389216041,611.300000000000,0.029049210000
1389216042,611.400000000000,0.179121580000
1389216042,611.300000000000,0.091798420000
1389216331,611.200000000000,0.797000000000
1389216514,611.200000000000,0.004469640000
1389216514,611.200000000000,0.035241030000
1389216532,611.200000000000,0.015020000000
1389216577,611.200000000000,0.049083760000
1389216718,611.200000000000,0.004817530000
1389216871,611.100000000000,0.035462410000
1389216871,611.100000000000,0.439340000000
1389216872,611.100000000000,0.089970380000
1389216873,611.100000000000,0.035462410000
1389216874,611.100000000000,0.169473110000
1389216875,611.100000000000,0.147084190000
1389216963,611.100000000000,0.002052570000
1389216963,611.100000000000,0.081154930000
1389216963,611.300000000000,0.088347430000
1389217028,611.400000000000,0.016802430000
1389217028,611.200000000000,1.911650000000
1389217028,611.400000000000,0.023237570000
1389217275,611.300000000000,0.004857710000
1389217278,611.300000000000,0.995142290000
1389217376,611.300000000000,0.068942290000
1389217376,611.300000000000,0.004857710000
1389217530,611.300000000000,0.094505640000
1389217616,611.300000000000,0.999864360000
1389217674,611.400000000000,0.483197570000
1389217714,611.500000000000,0.066093850000
1389217761,611.890000000000,0.867910000000
1389217772,611.890000000000,0.012254650000
1389217773,611.950000000000,0.009887400000
1389218501,612.000000000000,0.194084960000
1389218600,612.000000000000,0.100000000000
1389218831,612.000000000000,0.050000000000
1389218839,612.000000000000,0.050000000000
1389218845,612.000000000000,0.050000000000
1389218852,612.000000000000,0.050000000000
1389218862,612.000000000000,0.050000000000
1389218894,612.000000000000,0.015120000000
1389218894,612.000000000000,0.014783770000
1389218907,612.000000000000,0.050000000000
1389218913,612.000000000000,0.050000000000
1389218929,611.200000000000,0.026546320000
1389218929,611.890000000000,0.030181480000
1389219298,612.000000000000,0.250000000000
1389219300,611.200000000000,0.061803680000
1389219312,610.000000000000,0.550000000000
1389219312,610.100000000000,0.450000000000
1389219327,610.000000000000,0.620000000000
1389219589,609.102180000000,0.013749820000
1389219590,609.000000000000,0.070240000000
1389219672,610.621900000000,0.000802460000
1389219676,608.000000000000,0.250000000000
1389219765,607.000000000000,0.200000000000
1389219765,608.000000000000,0.046543250000
1389219765,607.672680000000,0.013766010000
1389219766,606.000000000000,0.000496220000
1389219766,606.000000000000,1.255204700000
1389219766,606.100000000000,0.400000000000
1389219767,609.188840000000,0.002997290000
1389219869,604.000000000000,0.900000000000
1389219869,603.965230000000,1.313831760000
1389219869,603.119690000000,0.027809280000
1389219869,602.937360000000,0.919748620000
1389219869,602.937360000000,0.002511460000
1389219869,606.158050000000,0.013783210000
1389219869,606.000000000000,1.522315670000
1389219869,605.100000000000,1.100000000000
1389219869,605.000000000000,0.200000000000
1389219884,604.955370000000,0.013762640000
1389219890,606.464740000000,0.013745530000
1389219898,607.977880000000,0.013728430000
1389220006,609.978410000000,0.486288650000
1389220006,609.494790000000,0.013711350000
1389220032,607.975610000000,0.010000000000
1389220152,606.874150000000,0.013775270000
1389220152,603.832190000000,0.027793260000
1389220152,603.510000000000,0.010571470000
1389220574,605.340290000000,0.013758440000
1389220594,606.000000000000,0.044630000000
1389220594,605.340290000000,0.001241560000
1389220681,605.240290000000,0.009128440000
1389220681,606.850610000000,0.013741330000
1389220681,609.877320000000,0.027380540000
1389220681,609.881660000000,0.327208030000
1389220681,609.904010000000,0.460000000000
1389220681,611.980000000000,0.835751660000
1389220681,611.490000000000,0.326790000000
1389220749,611.400490000000,0.013690180000
1389220782,611.980000000000,0.164248340000
1389220830,612.925940000000,0.013673150000
1389220868,614.345130000000,0.019340000000
1389221420,612.925940000000,1.010570000000
1389221626,612.925940000000,1.200000000000
1389221671,612.925940000000,0.075756850000
1389221671,611.980000000000,0.123943150000
1389221697,611.980000000000,0.326700000000
1389221706,611.980000000000,0.185108510000
1389221717,611.400490000000,0.786309820000
1389221754,611.398210000000,0.013724430000
1389221959,609.874290000000,0.013741580000
1389221959,606.817290000000,0.027725290000
1389221959,606.606000000000,0.077533130000
1389222000,606.606000000000,0.019340000000
1389222700,607.000000000000,0.500000000000
1389222701,607.000000000000,0.030040000000
1389222730,606.650000000000,0.500000000000
1389222928,606.650000000000,0.203160000000
1389223082,606.606000000000,0.903126870000
1389223082,606.650000000000,0.296840000000
1389223082,603.510000000000,0.601129710000
1389223082,605.306310000000,0.013793420000
1389223084,606.816560000000,0.013741950000
1389223084,609.843100000000,0.001268050000
1389223095,608.470820000000,0.001626240000
1389223096,608.470820000000,0.001462130000
1389223174,611.848630000000,0.001290560000
1389223174,608.812150000000,0.013719440000
1389223276,611.950000000000,0.312999230000
1389223276,610.474580000000,0.013700770000
1389223281,611.950000000000,0.506577330000
1389223358,615.000000000000,0.601489750000
1389223358,611.950000000000,0.180423440000
1389223358,611.997730000000,0.013683730000
1389223459,611.990000000000,0.014689780000
1389223594,611.990000000000,0.500000000000
1389223808,611.990000000000,0.485310220000
1389223808,612.100000000000,0.533309780000
1389223874,612.100000000000,0.025207800000
1389223930,612.100000000000,0.441482420000
1389224042,613.472310000000,0.079938400000
1389224295,613.472310000000,0.163006540000
1389224384,613.472310000000,0.150000000000
1389225751,613.472310000000,0.607055060000
1389225751,614.990000000000,0.670716050000
1389225751,613.524670000000,0.013666710000
1389225767,614.990000000000,0.055370000000
1389225768,614.990000000000,0.035452400000
1389225768,614.990000000000,0.056225010000
1389225835,614.990000000000,0.182236540000
1389225855,615.055430000000,0.013649710000
1389225855,615.441240000000,0.122537000000
1389225855,615.613600000000,0.000331020000
1389225871,616.590000000000,0.013632730000
1389225871,617.000000000000,0.050000000000
1389225893,617.090000000000,0.148540000000
1389225932,618.000000000000,0.100000000000
1389225932,617.800000000000,0.200000000000
1389225968,618.128390000000,0.013615780000
1389226000,618.536180000000,0.601130000000
1389226000,618.610000000000,0.010000000000
1389226031,619.000000000000,1.170800000000
1389226038,619.670630000000,0.013598840000
1389226038,619.800000000000,0.396294280000
1389226050,619.800000000000,0.603705720000
1389226050,619.890000000000,0.169830000000
1389226050,619.990000000000,0.226464280000
1389226084,619.990000000000,0.050000000000
1389226097,619.990000000000,0.044345720000
1389226127,620.000000000000,0.162679510000
1389226133,618.128390000000,0.941480000000
1389226191,620.000000000000,0.971935460000
1389226223,620.100000000000,0.400000000000
1389226274,620.100000000000,0.550000000000
1389226363,620.100000000000,6.192549580000
1389226439,620.100000000000,0.500000000000
1389226555,620.000000000000,1.290322580000
1389226638,620.100000000000,0.755960670000
1389226711,620.200000000000,0.066500000000
1389226727,620.474580000000,0.000999490000
1389227019,618.126080000000,0.013649840000
1389227080,617.100000000000,0.150000000000
1389227106,616.585390000000,0.010000000000
1389227190,612.375510000000,0.027599830000
1389227190,615.460510000000,0.013679400000
1389227190,612.000000000000,0.083720770000
1389227460,612.000000000000,0.016279230000
1389227501,612.000000000000,0.063649000000
1389227710,610.850690000000,0.013731000000
1389227724,610.650690000000,0.050000000000
1389227729,610.650690000000,0.950000000000
1389227729,610.850690000000,0.986269000000
1389227729,612.000000000000,0.010091770000
1389227733,620.474580000000,0.220193800000
1389227733,612.000000000000,0.039908230000
1389227733,611.000000000000,0.063731000000
1389227733,609.328130000000,0.013748160000
1389227733,609.328130000000,0.882612610000
1389227733,612.374770000000,0.013679760000
1389227733,615.429030000000,0.027257870000
1389227733,618.483290000000,0.027055960000
1389227738,618.484030000000,0.013612290000
1389227755,613.850020000000,0.027567430000
1389227755,616.942450000000,0.013663340000
1389227863,613.786880000000,0.210858060000
1389227924,615.383130000000,0.009685020000
1389227973,613.786880000000,0.789141940000
1389227973,613.405380000000,0.013702770000
1389227973,610.330680000000,0.027646990000
1389227973,608.698200000000,0.169508300000
1389228362,611.855010000000,0.013686030000
1389228677,613.381600000000,0.013669010000
1389228677,615.000000000000,0.086330990000
1389228764,614.911990000000,0.013652010000
1389228764,615.000000000000,0.006357990000
1389228876,615.000000000000,0.007311020000
1389228945,615.000000000000,0.113690000000
1389229213,616.400000000000,0.050000000000
1389229360,616.446210000000,0.013635030000
1389229609,617.000000000000,0.100000000000
1389229609,617.984250000000,0.013618070000
1389229631,619.526140000000,0.013601130000
1389229631,619.700000000000,2.000000000000
1389229664,620.474580000000,0.278806710000
1389229930,618.000000000000,0.750000000000
1389230068,618.000000000000,2.000000000000
1389230079,618.000000000000,1.000000000000
1389230168,618.000000000000,0.500000000000
1389230500,618.000000000000,0.000999090000
1389230508,621.071860000000,0.000370320000
1389230560,618.023930000000,0.013651670000
1389230560,618.000000000000,0.499000910000
1389230801,618.000000000000,0.270000000000
1389230853,618.000000000000,0.265370000000
1389232634,618.000000000000,0.029972990000
1389232636,618.000000000000,0.000899370000
1389232666,618.000000000000,0.008991890000
1389232667,618.000000000000,0.020836230000
1389232696,618.000000000000,0.012944980000
1389232702,618.000000000000,0.012944980000
1389232710,618.000000000000,0.012944980000
1389232713,618.000000000000,0.029972990000
1389232719,618.000000000000,0.012944980000
1389232720,618.000000000000,0.000898210000
1389232736,618.000000000000,0.012944980000
1389232778,618.000000000000,0.012944980000
1389232856,618.000000000000,0.012944980000
1389232897,618.000000000000,0.029972990000
1389232930,618.000000000000,0.000999090000
1389233009,618.000000000000,0.012944980000
1389233070,618.000000000000,0.012944980000
1389233189,618.000000000000,0.012944980000
1389233311,618.000000000000,0.012944980000
1389233333,618.000000000000,0.012944980000
1389233351,618.000000000000,0.012944980000
1389233419,618.000000000000,0.012944980000
1389233466,615.000000000000,0.667331260000
1389233466,616.483490000000,0.013668740000
1389233515,618.000000000000,0.012944980000
1389233542,615.000000000000,0.409300000000
1389233575,615.000000000000,0.302367720000
1389233596,615.000000000000,0.013008130000
1389233647,614.946890000000,0.013685820000
1389233666,614.946890000000,0.029972990000
1389233694,614.946890000000,0.146034970000
1389233742,614.946890000000,0.013009250000
1389233762,614.946890000000,0.013009250000
1389233878,614.414110000000,0.013020530000
1389233909,614.414110000000,0.380999470000
1389233910,614.414110000000,0.011430000000
1389233919,616.481180000000,0.013634750000
1389233919,618.000000000000,0.486365250000
1389233932,618.000000000000,0.500000000000
1389233942,618.000000000000,0.500000000000
1389234000,618.000000000000,0.012944980000
1389234081,614.944590000000,0.013685880000
1389234148,614.420000000000,0.500000000000
1389234148,611.990000000000,0.044065640000
1389234148,611.995500000000,0.063504890000
1389234148,611.995500000000,0.312795110000
1389234148,612.000000000000,0.065931370000
1389234148,613.411830000000,0.013702990000
1389234167,614.409710000000,0.011420000000
1389234167,611.990000000000,0.988580000000
1389234226,614.942300000000,0.013009350000
1389234346,614.944590000000,0.013009300000
1389234360,614.944590000000,0.011360000000
1389234516,614.944590000000,0.013009300000
1389234611,614.944590000000,0.013009300000
1389234693,614.944590000000,0.013009300000
1389234784,614.944590000000,0.013009300000
1389234882,614.944590000000,0.013009300000
1389235256,614.944590000000,0.013009300000
1389235342,614.944590000000,0.013009300000
1389235382,614.944590000000,0.013009300000
1389235457,614.944590000000,0.013009300000
1389235530,614.944590000000,0.012978500000
1389235628,614.944590000000,0.012978500000
1389235684,614.944590000000,0.012978500000
1389235721,614.944590000000,0.013009300000
1389235803,614.944590000000,0.013009300000
1389236064,614.944590000000,0.013009300000
1389236116,614.944590000000,0.013009300000
1389236191,614.944590000000,0.013009300000
1389236229,614.944590000000,0.012978500000
1389236633,614.944590000000,0.003853320000
1389238894,613.337600000000,0.011000000000
1389241825,612.900000000000,0.018720000000
1389241825,620.990000000000,0.014505950000
1389241825,620.000000000000,0.500000000000
1389241825,618.238930000000,0.027197290000
1389241825,618.000000000000,0.135948730000
1389241825,617.990000000000,0.065931370000
1389241825,615.170730000000,0.013649360000
1389241825,614.944590000000,0.224047300000
1389241842,619.782980000000,0.013598560000
1389241843,620.990000000000,0.095418520000
1389241845,620.990000000000,0.019416770000
1389241875,620.990000000000,0.002195170000
1389241876,620.990000000000,0.002133220000
1389241907,620.990000000000,0.119740090000
1389241942,620.990000000000,0.000059870000
1389241978,621.329350000000,0.013581640000
1389241978,620.990000000000,0.746530410000
1389241978,621.306530000000,0.451300000000
1389241978,621.595660000000,0.121323760000
1389241978,622.000000000000,0.044560000000
1389241978,623.000000000000,0.200000000000
1389241978,624.428270000000,0.027062360000
1389241978,624.990000000000,0.600000000000
1389241978,625.000000000000,0.036000000000
1389241978,625.000000000000,1.180480000000
1389241978,625.126080000000,0.922460000000
1389241978,626.000000000000,0.570000000000
1389241978,626.000000000000,0.013531090000
1389241999,626.000000000000,0.020000000000
1389242005,626.000000000000,0.039572030000
1389242014,626.000000000000,0.020000000000
1389242022,626.000000000000,0.012000000000
1389242028,626.990000000000,0.021285600000
1389242029,626.000000000000,0.039000000000
1389242029,626.990000000000,0.002467050000
1389242037,626.000000000000,0.013158320000
1389242047,626.000000000000,0.020000000000
1389242056,626.000000000000,0.020000000000
1389242058,626.990000000000,0.261085960000
1389242061,626.990000000000,0.029985000000
1389242063,626.000000000000,0.031000000000
1389242072,626.000000000000,0.020000000000
1389242076,626.000000000000,0.020000000000
1389242082,626.000000000000,0.033233400000
1389242092,626.000000000000,0.018000000000
1389242100,626.000000000000,0.050000000000
1389242109,626.000000000000,0.050000000000
1389242111,626.990000000000,0.002503910000
1389242116,626.000000000000,0.050000000000
1389242124,626.000000000000,0.018000000000
1389242132,626.000000000000,0.050000000000
1389242141,626.000000000000,0.050000000000
1389242147,626.000000000000,0.050000000000
1389242155,626.000000000000,0.020000000000
1389242156,626.000000000000,0.018000000000
1389242166,626.000000000000,0.050000000000
1389242175,626.000000000000,0.050000000000
1389242221,626.000000000000,3.311206990000
1389242316,622.873410000000,0.013598750000
1389242318,622.250530000000,0.000401250000
1389242396,622.871110000000,0.013598830000
1389242397,622.248230000000,0.000401170000
1389243198,626.000000000000,1.786451910000
1389243198,624.300000000000,1.200000000000
1389243198,624.425190000000,0.013548090000
1389247518,624.500000000000,1.481184940000
1389247518,624.000000000000,0.080000000000
1389247519,610.000000000000,0.018990500000
1389247519,622.868800000000,0.013598900000
1389247519,620.983150000000,0.085000000000
1389247519,619.746670000000,0.027437400000
1389247519,616.624540000000,0.027645790000
1389247519,614.770000000000,0.121811010000
1389247519,613.502410000000,0.027856820000
1389247519,612.010000000000,0.944420000000
1389247519,611.996000000000,0.376300000000
1389247519,611.990000000000,0.967354360000
1389247519,610.222670000000,4.000000000000
1389247520,610.000000000000,0.718000000000
1389247520,610.000000000000,0.013719570000
1389247522,610.000000000000,0.018999290000
1389247532,610.000000000000,0.050000000000
1389247533,610.000000000000,0.095518590000
1389247538,610.000000000000,0.050000000000
1389247547,610.000000000000,0.015025450000
1389247547,610.000000000000,0.050000000000
1389247548,610.000000000000,0.015000000000
1389247548,610.000000000000,0.100310000000
1389247552,610.000000000000,0.020989500000
1389247554,610.000000000000,0.050000000000
1389247556,610.000000000000,0.015000000000
1389247560,610.000000000000,0.050000000000
1389247567,610.000000000000,0.050000000000
1389247574,610.000000000000,0.515837880000
1389247581,615.037800000000,0.013651310000
1389247583,615.037990000000,0.013651400000
1389247975,615.047800000000,0.284512130000
1389248037,610.429800000000,0.027646620000
1389248037,604.990000000000,0.245786330000
1389248037,605.010000000000,2.081635010000
1389248037,606.240000000000,0.123525210000
1389248037,607.354600000000,0.027856590000
1389248037,608.695000000000,2.300000000000
1389248037,609.000000000000,1.000000000000
1389248037,609.224430000000,4.000000000000
1389248037,609.285360000000,2.000000000000
1389248037,613.514990000000,0.023847650000
1389248037,613.504990000000,0.013702590000
1389248037,611.219380000000,0.156000000000
1389248040,608.873050000000,0.001067280000
1389248048,608.991070000000,0.013719170000
1389248058,610.510510000000,0.013702100000
1389248064,612.033750000000,0.013685060000
1389248073,613.560780000000,0.013668040000
1389248144,614.432750000000,0.000487870000
1389248146,614.432750000000,0.014000000000
1389248897,615.441240000000,0.051868960000
1389248897,615.091630000000,0.013651040000
1389249104,615.091630000000,0.013999950000
1389249104,615.091630000000,0.151730050000
1389249131,615.441240000000,0.070668040000
1389249155,616.626290000000,0.013634060000
1389249636,618.164770000000,0.013617100000
1389249930,618.164770000000,0.013180000000
1389250050,619.188370000000,0.451300000000
1389250059,621.371430000000,0.086399830000
1389250059,619.707100000000,0.013600170000
1389250071,621.253270000000,0.013583250000
1389250094,621.371430000000,0.110430000000
1389250119,621.371430000000,0.525980000000
1389250363,621.591160000000,0.400000000000
1389250374,621.591160000000,0.051300000000
1389250484,621.595660000000,0.121323760000
1389250512,621.371430000000,0.040233580000
1389250518,621.371430000000,0.561090000000
1389250596,621.371430000000,0.398676420000
1389250815,621.371430000000,0.001323580000
1389250815,616.608780000000,0.000048670000
1389250815,616.608780000000,0.195864370000
1389250815,618.164770000000,0.067239190000
1389250815,619.704780000000,0.013634190000
1389251089,619.000000000000,0.020000000000
1389251112,621.250950000000,0.013583310000
1389251112,621.997200000000,0.296416690000
1389251125,621.997200000000,0.147175110000
1389251125,621.997200000000,0.007708200000
1389251157,622.000000000000,0.480000000000
1389251190,621.997200000000,0.027922600000
1389251190,616.685350000000,0.308443150000
1389251190,619.702450000000,0.013634250000
1389251190,617.250950000000,0.150000000000
1389251282,621.248620000000,0.013583380000
1389251283,622.000000000000,0.236330000000
1389251321,621.999700000000,0.400000000000
1389251377,621.999700000000,0.010000000000
1389251408,621.999700000000,0.041300000000
1389251418,622.000000000000,0.010000000000
1389251421,622.000000000000,0.237907000000
1389251423,622.000000000000,0.144506670000
1389251428,622.000000000000,0.127969290000
1389251455,622.000000000000,1.728295820000
1389251457,622.000000000000,0.034991220000
1389251460,622.000000000000,0.500000000000
1389251501,622.000000000000,1.000000000000
1389251668,622.798640000000,0.013566480000
1389251726,623.721600000000,0.050000000000
1389251744,623.721600000000,0.001514480000
1389251749,623.721600000000,0.001427800000
1389251777,623.721600000000,0.000170760000
1389251844,623.711600000000,0.001591160000
1389251848,623.711600000000,0.000352640000
1389251887,622.000000000000,0.268815440000
1389251953,623.414390000000,0.001552350000
1389252212,623.374390000000,0.010000000000
1389252292,621.248620000000,0.000416570000
1389252292,621.246300000000,0.013617360000
1389252324,621.245000000000,0.029701630000
1389252477,621.235000000000,0.300000000000
1389253069,619.700000000000,0.244120000000
1389253069,621.786320000000,0.755880000000
1389253077,619.700000000000,0.955880000000
1389253077,619.697830000000,0.013634380000
1389253077,619.000000000000,1.030485620000
1389253426,619.000000000000,0.003000000000
1389253426,620.000000000000,0.010000000000
1389253431,621.243990000000,0.013583500000
1389253465,622.370210000000,0.015071710000
1389253552,622.385070000000,0.011247060000
1389253557,622.385070000000,0.011247060000
1389253564,622.385070000000,0.011247060000
1389253585,622.385070000000,0.181453260000
1389253598,622.385070000000,0.144417260000
1389253599,622.385070000000,0.214867520000
1389253609,622.447310000000,0.005459220000
1389253609,622.385070000000,0.425520780000
1389253622,622.437310000000,0.080180000000
1389253632,622.437310000000,0.401293420000
1389253671,622.437310000000,0.325710000000
1389253921,622.427310000000,1.000000000000
1389254709,622.000000000000,0.553560000000
1389254760,622.770000000000,1.000000000000
1389255059,622.794000000000,0.013566610000
1389255618,625.000000000000,0.154450260000
1389255618,624.347870000000,0.013549740000
1389255913,625.000000000000,0.095549740000
1389255915,625.000000000000,0.009671970000
1389255924,625.660000000000,0.943419740000
1389255929,625.000000000000,0.011485060000
1389255933,625.000000000000,0.011485060000
1389255936,625.000000000000,0.011485060000
1389255941,625.000000000000,0.052833000000
1389255943,625.000000000000,0.011485060000
1389256010,625.660000000000,0.001423380000
1389256011,625.660000000000,0.000167830000
1389256041,625.660000000000,0.001421960000
1389256044,625.660000000000,0.000163740000
1389256056,625.660000000000,0.093095290000
1389256071,625.660000000000,0.099821710000
1389256076,625.660000000000,0.010994500000
1389256137,625.660000000000,0.849491850000
1389256227,625.000000000000,1.200000000000
1389256266,625.788480000000,0.200000000000
1389256338,625.788480000000,1.078639220000
1389256391,625.788480000000,0.500000000000
1389256594,625.905640000000,0.013532880000
1389256642,626.000000000000,0.015630000000
1389256668,626.379520000000,0.582713810000
1389256772,626.989900000000,0.050000000000
1389256955,626.999900000000,0.030000000000
1389256955,626.999900000000,0.020000000000
1389256960,626.900000000000,0.050000000000
1389257082,624.345550000000,0.013583630000
1389257082,625.000000000000,0.065718240000
1389257585,624.000000000000,4.000000000000
1389257600,624.000000000000,0.992450000000
1389257629,624.000000000000,0.007550000000
1389257683,623.000000000000,0.099500000000
1389257757,625.903310000000,0.013532950000
1389257757,626.455680000000,0.376977470000
1389257757,625.000000000000,0.080000000000
1389258124,626.870000000000,0.196134600000
1389258153,626.870000000000,0.795062820000
1389258167,626.870000000000,0.195440000000
1389258243,626.870000000000,1.000000000000
1389258329,626.870000000000,0.202776650000
1389258356,622.794000000000,0.069346310000
1389258356,624.343230000000,0.013583690000
1389258356,623.000000000000,1.400500000000
1389258356,622.800000000000,0.190000000000
1389258650,625.000000000000,0.010000000000
1389258781,623.000000000000,0.080256820000
1389258888,623.000000000000,0.100000000000
1389259203,623.000000000000,0.019743180000
1389259351,625.900980000000,0.013533010000
1389259351,625.000000000000,0.180000000000
1389259585,624.340910000000,0.013583760000
1389259585,626.000000000000,0.906466990000
1389259610,623.000000000000,0.079940000000
1389259827,623.000000000000,0.510000000000
1389260055,623.000000000000,1.237540000000
1389260073,623.000000000000,0.300000000000
1389260126,623.000000000000,0.677085870000
1389260159,622.794000000000,0.515830000000
1389260187,622.794000000000,0.204090750000
1389260187,622.784720000000,0.013600740000
1389260209,622.500000000000,0.642570280000
1389260304,622.000000000000,4.000000000000
1389260384,622.000000000000,0.206989540000
1389260420,621.240000000000,0.191303550000
1389260420,621.243990000000,0.000416450000
1389260428,621.240000000000,0.400000000000
1389260430,621.240000000000,1.000000000000
1389260467,621.240000000000,0.100000000000
1389260483,621.240000000000,0.308696450000
1389260507,621.232430000000,0.013617740000
1389260520,620.000000000000,0.047543430000
1389260520,621.000000000000,0.162463760000
1389260532,620.000000000000,0.410000000000
1389260604,620.000000000000,0.012207900000
1389260604,619.684000000000,0.013634760000
1389260604,619.500000000000,0.972498670000
1389260604,619.500000000000,0.000858670000
1389260662,620.000000000000,0.011290320000
1389260667,620.000000000000,0.011290320000
1389260673,620.000000000000,0.011290320000
1389260682,620.000000000000,0.011290320000
1389260741,620.000000000000,1.115170000000
1389260767,620.000000000000,1.000000000000
1389260774,620.000000000000,0.191700000000
1389260786,620.000000000000,0.110621080000
1389260786,619.500000000000,1.000000000000
1389260786,620.000000000000,0.356169240000
1389260823,622.000000000000,0.043685350000
1389260823,620.000000000000,0.342730760000
1389260823,621.230120000000,0.013583890000
1389260868,622.000000000000,0.025007680000
1389260969,622.000000000000,0.070466230000
1389261175,619.681680000000,0.013634820000
1389261183,619.681680000000,0.086365180000
1389261197,619.700000000000,0.273634820000
1389261197,618.137100000000,0.013651870000
1389261197,616.000000000000,0.074800000000
1389261197,615.300000000000,0.299780650000
1389261197,619.099990000000,0.200000000000
1389261197,619.500000000000,0.026642660000
1389261641,619.679370000000,0.013600930000
1389261736,620.000000000000,0.983000000000
1389261929,619.134800000000,0.000823730000
1389261942,619.134800000000,0.022666270000
1389261964,620.000000000000,0.017000000000
1389262113,621.225470000000,0.013584010000
1389262175,622.500000000000,0.100000000000
1389262408,622.500000000000,0.900000000000
1389262579,622.775430000000,0.013567120000
1389262579,623.000000000000,0.138925730000
1389262611,623.000000000000,0.261074270000
1389262781,623.500000000000,0.700000000000
1389262859,624.000000000000,0.099000000000
1389262860,623.500000000000,0.300000000000
1389262860,623.100000000000,0.483955080000
1389262860,623.250000000000,0.016044920000
1389262860,623.500000000000,0.200000000000
1389263009,624.000000000000,0.080128200000
1389263245,624.000000000000,0.020871800000
1389263245,624.000000000000,0.011179480000
1389263562,624.000000000000,0.315520520000
1389263562,624.000000000000,0.985620000000
1389263562,624.329260000000,0.013550240000
1389263562,626.200000000000,0.030000000000
1389263562,626.220000000000,0.009329790000
1389263765,622.773110000000,0.013601060000
1389263765,620.000000000000,0.363202040000
1389263765,620.000000000000,0.080645160000
1389263765,620.000000000000,0.080645160000
1389263765,622.500000000000,0.100000000000
1389263765,621.225470000000,0.106926580000
1389263893,621.220830000000,0.013618060000
1389264149,622.770800000000,0.013567240000
1389264149,621.220830000000,1.046331940000
1389264149,625.950000000000,0.353067160000
1389264149,625.876900000000,0.027033660000
1389264330,624.318430000000,0.013584330000
1389264357,621.200000000000,0.008016740000
1389264357,620.010000000000,0.080643860000
1389264357,620.000000000000,0.089148090000
1389264357,622.762300000000,0.013601310000
1389264685,620.100000000000,0.750000000000
1389264685,621.210060000000,0.013618310000
1389264685,620.110000000000,0.023060000000
1389264685,620.003500000000,0.213321690000
1389265023,620.300000000000,1.000000000000
1389265036,622.759990000000,0.013567500000
1389265073,624.313780000000,0.013550620000
1389265073,624.987540000000,0.436449380000
1389265091,622.759990000000,0.350000000000
1389265205,622.759990000000,0.073680000000
1389265240,624.977540000000,1.234886650000
1389265240,625.400000000000,0.622067440000
1389265240,623.105990000000,0.100000000000
1389265240,623.659990000000,0.100000000000
1389265240,624.259990000000,0.100000000000
1389265267,622.757670000000,0.013601440000
1389265292,621.205430000000,0.013618440000
1389265302,620.100100000000,1.000000000000
1389265337,620.100100000000,0.023071920000
1389265337,622.755350000000,0.013567620000
1389265337,620.100100000000,0.059144320000
1389265337,620.100100000000,0.068526950000
1389265343,623.105990000000,0.030739210000
1389265370,621.203110000000,0.004110810000
1389265382,620.735320000000,0.013623640000
1389265433,620.200000000000,0.096020000000
1389265654,622.284060000000,0.013572800000
1389265736,622.284060000000,0.068238700000
1389265758,620.733000000000,0.013623700000
1389265787,620.300000000000,0.805637600000
1389265790,624.990000000000,0.025913230000
1389265790,624.600000000000,0.050000000000
1389265790,623.105990000000,0.023963900000
1389265790,622.281740000000,0.013572870000
1389265790,622.000000000000,0.886550000000
1389265902,623.834340000000,0.013555990000
1389265993,624.800000000000,0.057010240000
1389266084,624.990000000000,0.649010240000
1389266084,624.800000000000,0.142989760000
1389266226,622.279420000000,0.013606820000
1389266226,620.200000000000,0.903980000000
1389266226,620.005100000000,0.213321690000
1389266226,620.003500000000,0.007690000000
1389266226,620.300000000000,0.194362400000
1389266226,622.000000000000,0.080225080000
1389266226,623.834340000000,0.086444010000
1389266233,620.003500000000,0.155288310000
1389266233,620.728390000000,0.013623830000
1389266233,620.000000000000,0.283437990000
1389266233,620.000000000000,0.547649870000
1389266260,620.000000000000,0.207860000000
1389266270,620.000000000000,1.122560000000
1389266413,620.100000000000,0.748000000000
1389266433,620.100000000000,0.020000000000
1389266438,618.490000000000,0.880000000000
1389266438,619.181210000000,0.013640860000
1389266438,620.100000000000,0.132000000000
1389266438,616.834340000000,0.028450000000
1389266438,616.834340000000,0.261339140000
1389266438,618.000000000000,0.074360000000
1389266476,615.685740000000,1.676131230000
1389266476,616.834340000000,0.210210860000
1389266476,617.637890000000,0.013657910000
1389266476,616.050000000000,0.100000000000
1389266575,616.098410000000,0.013674980000
1389266575,615.685740000000,0.986325020000
1389266723,615.550000000000,1.250000000000
1389266723,615.635590000000,0.074200000000
1389266723,615.685740000000,0.551880240000
1389266723,615.300000000000,0.122336250000
1389266723,615.300000000000,0.001583510000
1389266789,616.000000000000,0.286890000000
1389266819,617.635590000000,0.013623960000
1389266819,619.168900000000,0.180217960000
1389266863,619.168900000000,0.301371720000
1389267290,616.096110000000,0.013675050000
1389267290,615.300000000000,0.576299590000
1389267290,615.000000000000,0.044970000000
1389267290,615.000000000000,1.365055360000
1389267433,617.623280000000,0.500000000000
1389267641,617.623280000000,0.538970830000
1389267641,617.633280000000,0.013624020000
1389267641,618.232800000000,2.871013020000
1389268121,618.990000000000,0.836840000000
1389268208,618.990000000000,0.050000000000
1389268732,619.000000000000,0.161550880000
1389268967,616.555550000000,0.067340000000
1389269111,619.000000000000,0.604160000000
1389269111,618.800000000000,0.100000000000
1389269167,619.000000000000,0.191437800000
1389269521,616.620000000000,0.020000000000
1389269522,616.620000000000,0.436010000000
1389269522,616.620000000000,0.011229330000
1389269535,616.620000000000,0.230500000000
1389269588,616.611110000000,0.500000000000
1389269612,619.000000000000,0.016155080000
1389269729,619.000000000000,0.106696240000
1389269729,619.000000000000,0.100000000000
1389269769,619.000000000000,0.100000000000
1389269836,619.000000000000,0.100000000000
1389269893,619.100000000000,0.100000000000
1389269893,619.100000000000,0.100000000000
1389269893,619.000000000000,0.500000000000
1389269989,619.100000000000,0.100000000000
1389270053,619.174280000000,0.013607080000
1389270090,619.200000000000,0.100000000000
1389270131,619.300000000000,0.100000000000
1389270131,619.300000000000,0.300000000000
1389270177,619.900000000000,0.100000000000
1389270177,619.990000000000,0.635270000000
1389270177,619.500000000000,0.200000000000
1389270177,619.400000000000,0.100000000000
1389270177,619.400000000000,0.100000000000
1389270282,620.000000000000,0.769162970000
1389270282,619.990000000000,0.364730000000
1389270282,619.900000000000,0.100000000000
1389270305,620.000000000000,0.035169440000
1389270608,619.900000000000,0.224000000000
1389270608,619.800000000000,0.026000000000
1389270685,619.700000000000,0.035500000000
1389270769,619.200000000000,0.032299740000
1389271157,619.700000000000,0.064500000000
1389271157,619.200000000000,0.067700260000
1389271158,619.800000000000,0.081670000000
1389271517,619.800000000000,0.018330000000
1389271517,619.900000000000,0.076000000000
1389271517,619.900000000000,0.006430000000
1389271541,623.815010000000,0.024599850000
1389271541,620.719130000000,0.013590150000
1389271541,619.900000000000,0.093570000000
1389271541,620.000000000000,0.100000000000
1389271541,622.000000000000,0.050000000000
1389271626,621.978140000000,0.013610360000
1389271627,621.978140000000,0.001858790000
1389271867,621.900000000000,0.001575060000
1389271868,621.900000000000,0.001430550000
1389272270,620.427840000000,0.013627380000
1389272542,619.800000000000,0.018999950000
1389272542,619.800000000000,0.181000050000
1389272627,619.800000000000,0.020000000000
1389272656,620.418000000000,0.010000000000
1389273091,619.800000000000,0.600000000000
1389273094,619.800000000000,0.001825750000
1389273123,619.200000000000,0.020000000000
1389273145,619.800000000000,0.724214900000
1389273196,620.000000000000,0.082470320000
1389273202,619.200000000000,0.015214880000
1389273203,619.100000000000,0.000785120000
1389273224,619.100000000000,0.191100000000
1389273283,615.290000000000,0.015920000000
1389273283,619.100000000000,0.008114880000
1389273283,619.000000000000,0.324500000000
1389273283,618.881410000000,0.013644410000
1389273283,617.000000000000,0.060000000000
1389273283,615.779270000000,0.027529240000
1389273283,615.101800000000,0.150291470000
1389273285,620.000000000000,0.001382260000
1389273285,617.317190000000,0.013627740000
1389273364,615.778510000000,0.013678840000
1389273366,615.162730000000,0.000321160000
1389273366,617.314890000000,0.013627800000
1389273366,618.832450000000,0.001071040000
1389273443,615.101800000000,0.015558150000
1389273521,615.101800000000,0.020000000000
1389273583,619.975050000000,0.030000000000
1389273583,620.000000000000,1.887775400000
1389273618,620.000000000000,0.025050000000
1389273915,615.101800000000,0.079847490000
1389273915,615.102000000000,0.191984410000
1389273915,615.100000000000,0.728168100000
1389273948,615.100000000000,0.020000000000
1389273951,619.979000000000,0.060000000000
1389273957,619.979000000000,0.500016930000
1389274137,615.100000000000,0.448075430000
1389274137,615.000000000000,0.174944640000
1389274137,615.000000000000,0.040000000000
1389274137,615.000000000000,0.289900000000
1389274138,615.000000000000,0.047079930000
1389274138,619.979000000000,0.003180070000
1389274258,619.900000000000,0.035750000000
1389274291,614.000000000000,0.129388340000
1389274291,615.000000000000,0.035104710000
1389274291,614.770000000000,0.121811010000
1389274291,614.243670000000,0.013695940000
1389274291,614.000000000000,0.080256820000
1389274291,614.000000000000,0.100000000000
1389274291,614.000000000000,0.019743180000
1389274291,612.000000000000,0.014220000000
1389274291,612.000000000000,0.057790000000
1389274291,619.890000000000,0.001531660000
1389274305,617.312590000000,0.013627890000
1389274305,619.890000000000,0.001392110000
1389274313,618.000000000000,0.493252420000
1389274313,615.773920000000,0.013678990000
1389274313,612.687360000000,0.027599010000
1389274313,612.000000000000,0.455469580000
1389274315,614.217560000000,0.013662280000
1389274318,617.281010000000,0.025050000000
1389274376,615.499350000000,0.013682200000
1389274376,614.217560000000,0.013999960000
1389274376,612.414160000000,0.027605480000
1389274376,612.000000000000,2.250298200000
1389274376,611.010000000000,1.000000000000
1389274376,611.000000000000,0.202945990000
1389274376,611.000000000000,1.000000000000
1389274376,611.000000000000,0.163666120000
1389274376,610.775430000000,7.089250460000
1389274376,610.100000000000,0.238551590000
1389274379,617.005760000000,0.026494520000
1389274379,613.943680000000,0.013665480000
1389274390,613.943680000000,0.013987400000
1389274390,610.889240000000,0.013733810000
1389274390,610.100000000000,0.472278790000
1389274392,616.922110000000,0.013632610000
1389274392,618.566850000000,0.001397390000
1389274410,618.000000000000,0.395260000000
1389274454,617.980000000000,0.011989200000
1389274479,615.384420000000,0.013683740000
1389274479,612.299810000000,0.027608580000
1389274479,610.100000000000,0.289169620000
1389274479,610.000000000000,0.043270000000
1389274479,610.000000000000,2.368850000000
1389274479,610.000000000000,0.100000000000
1389274479,610.000000000000,0.155000000000
1389274480,609.000000000000,0.168000000000
1389274480,610.000000000000,0.013735350000
1389274484,610.000000000000,0.001458460000
1389274486,610.000000000000,0.000177590000
1389274519,610.000000000000,0.003998000000
1389274538,610.000000000000,0.037655960000
1389274549,610.000000000000,0.100000000000
1389274550,609.000000000000,0.832000000000
1389274550,608.990000000000,0.910000000000
1389274550,608.100000000000,0.258000000000
1389274560,610.000000000000,1.000000000000
1389274808,612.500000000000,0.241620000000
1389274808,612.500000000000,0.190247670000
1389274808,612.500000000000,0.035971740000
1389274819,610.013780000000,0.010000000000
1389274819,608.200000000000,0.500000000000
1389274819,608.100000000000,0.297070000000
1389274819,607.713660000000,0.027712720000
1389274819,607.623280000000,0.165217280000
1389274821,610.000000000000,0.013718570000
1389274834,612.246040000000,0.010000000000
1389274834,612.270990000000,0.020100000000
1389274850,610.000000000000,0.486281430000
1389274850,609.943240000000,0.013744890000
1389274851,608.000000000000,0.013762070000
1389274859,608.000000000000,0.050000000000
1389274935,607.623280000000,0.034782720000
1389274935,606.880000000000,0.082240310000
1389274935,606.240000000000,0.123525210000
1389274935,605.432000000000,0.578099600000
1389274935,605.390000000000,0.100000000000
1389274935,605.373230000000,0.027766630000
1389274935,605.100000000000,0.014220000000
1389274937,605.200000000000,0.026955080000
1389274948,606.885700000000,0.013745250000
1389274958,608.399890000000,0.013728160000
1389274967,609.917850000000,0.013711080000
1389274972,611.439600000000,0.013694030000
1389274981,612.490000000000,0.050000000000
1389275033,606.858380000000,0.027732960000
1389275033,609.915580000000,0.013745380000
1389275033,607.492580000000,0.013963000000
1389275040,608.374030000000,0.013728590000
1389275043,609.891920000000,0.013711510000
1389275052,611.413610000000,0.013694460000
1389275055,612.449000000000,0.800000000000
1389275061,612.449000000000,0.050000000000
1389275074,611.413610000000,0.032284490000
1389275103,611.413610000000,1.086679460000
1389275103,609.889650000000,0.013745810000
1389275103,608.982400000000,0.000271410000
1389275103,606.832580000000,0.027733820000
1389275115,608.348170000000,0.013729020000
1389275119,609.866000000000,0.013711940000
1389275123,611.387630000000,0.013694890000
1389275137,610.475860000000,0.000288060000
1389275137,609.863740000000,0.013343630000
1389275415,611.430050000000,0.013694450000
1389275415,612.000000000000,0.043210000000
1389275415,612.000000000000,0.100030000000
1389275415,612.449000000000,0.100000000000
1389275415,612.450000000000,0.559455550000
1389275428,609.906050000000,0.013745800000
1389275428,608.348170000000,0.011506570000
1389275428,606.848890000000,0.027733810000
1389275428,605.490000000000,0.880000000000
1389275428,605.110000000000,0.031399240000
1389275428,605.100000000000,0.950000000000
1389275428,605.000000000000,0.085614580000
1389275429,605.000000000000,0.914385420000
1389275429,605.000000000000,0.016528920000
1389275429,605.000000000000,0.326700000000
1389275430,605.000000000000,1.000000000000
1389275430,604.990000000000,1.010000000000
1389275430,604.900000000000,1.750000000000
1389275430,604.123000000000,0.010000000000
1389275430,603.300000000000,0.580142540000
1389275430,603.120000000000,0.161550880000
1389275430,603.120000000000,0.604160000000
1389275430,603.120000000000,0.191437800000
1389275430,603.120000000000,0.016155080000
1389275430,603.120000000000,0.106696240000
1389275430,602.999990000000,0.019900000000
1389275430,602.660000000000,0.124259410000
1389275430,602.600000000000,0.164078360000
1389275430,602.600000000000,0.024912650000
1389275430,602.100000000000,0.332170000000
1389275430,602.000000000000,0.166000000000
1389275430,601.000000000000,0.010080000000
1389275430,601.000000000000,0.500000000000
1389275430,600.990000000000,0.164580000000
1389275430,600.474580000000,0.806262700000
1389275431,608.364520000000,0.013729010000
1389275431,611.000000000000,0.001290990000
1389275460,609.347770000000,0.090030000000
1389275461,609.347770000000,0.033732370000
1389275461,609.882390000000,0.013711930000
1389275474,609.957110000000,0.051650870000
1389275474,608.362250000000,0.013763350000
1389275474,605.312830000000,0.027769210000
1389275474,602.263410000000,0.027980120000
1389275474,600.474580000000,0.193737300000
1389275474,600.100000000000,0.016660000000
1389275474,600.020000000000,0.083330550000
1389275474,600.010000000000,0.170147160000
1389275474,600.010000000000,4.414961440000
1389275475,600.010000000000,7.790861310000
1389275475,600.000000000000,0.083333330000
1389275475,600.000000000000,0.025000000000
1389275475,600.000000000000,1.000000000000
1389275475,600.000000000000,0.500000000000
1389275475,600.000000000000,0.104300000000
1389275475,600.000000000000,0.716660000000
1389275475,600.000000000000,0.333330000000
1389275475,600.000000000000,0.106333330000
1389275475,600.000000000000,0.083330000000
1389275475,600.000000000000,0.100000000000
1389275475,600.000000000000,2.000000000000
1389275475,600.000000000000,0.402016660000
1389275475,600.000000000000,0.500000000000
1389275475,600.000000000000,0.223210000000
1389275475,600.000000000000,0.025000000000
1389275475,600.000000000000,0.002668280000
1389275475,600.000000000000,0.003957090000
1389275475,600.000000000000,0.016215920000
1389275475,600.000000000000,0.050000000000
1389275476,603.769120000000,0.013781340000
1389275476,605.000000000000,0.429418660000
1389275489,605.000000000000,0.446640000000
1389275500,605.000000000000,0.100000000000
1389275502,603.782900000000,0.010000000000
1389275502,603.769120000000,0.013987390000
1389275502,603.000000000000,0.022437810000
1389275502,600.765290000000,0.013850240000
1389275502,600.000000000000,0.127158710000
1389275502,600.000000000000,1.003330000000
1389275503,600.000000000000,0.050070000000
1389275503,600.000000000000,0.013850330000
1389275504,600.000000000000,0.252353370000
1389275508,599.975050000000,0.010000000000
1389275508,600.000000000000,0.001666670000
1389275509,600.000000000000,0.029985000000
1389275511,600.000000000000,0.000166660000
1389275512,600.000000000000,0.011593880000
1389275513,600.000000000000,0.050000000000
1389275516,600.000000000000,0.302300000000
1389275516,600.000000000000,0.097249940000
1389275516,603.766870000000,0.013781420000
1389275516,605.000000000000,0.005744230000
1389275520,603.765580000000,0.013781510000
1389275526,605.000000000000,0.050000000000
1389275532,602.260680000000,0.013833190000
1389275532,599.913780000000,0.020000000000
1389275532,599.900000000000,0.100000000000
1389275532,599.241850000000,0.027910110000
1389275532,599.000000000000,0.020000000000
1389275532,597.597000000000,0.000377850000
1389275532,596.223010000000,0.028122090000
1389275532,596.000000000000,0.750000000000
1389275532,595.210000000000,0.100000000000
1389275532,595.000000000000,0.890546760000
1389275532,595.000000000000,0.109453240000
1389275532,595.000000000000,0.018546760000
1389275534,597.713620000000,0.013851260000
1389275541,600.694760000000,0.011653170000
1389275542,600.694760000000,0.015946420000
1389275544,602.194990000000,0.013799710000
1389275545,603.697480000000,0.011570250000
1389275550,603.697480000000,0.002212290000
1389275550,605.000000000000,0.009357960000
1389275577,605.000000000000,0.123938000000
1389275591,605.000000000000,0.011570250000
1389275592,602.192750000000,0.013834230000
1389275592,599.174250000000,0.027912210000
1389275592,596.155760000000,0.028124200000
1389275592,595.013780000000,0.010000000000
1389275592,595.000000000000,0.000129360000
